3196 5256
725 314 731 359 l

358 514 583 574 niciosus
611 515 665 570 na
691 515 988 586 censorinus,
1016 511 1052 595 aa
1078 518 1194 577 aa-to.
1310 521 1348 577 aa

207 665 244 721 ut
263 649 327 746 ipsi
346 673 484 746 quoque
502 647 559 745 qui
577 662 722 745 egerunt
739 674 809 718 non
823 647 896 719 aliis
916 648 1023 747 magis
1042 650 1255 723 orationibus
1270 679 1349 725 cen-

207 777 357 834 scantur.

256 881 330 948 XL.
353 882 428 949 Jam
448 903 532 948 vcro
553 878 731 949 contiones
753 878 895 948 assiduae
919 893 952 948 et
976 879 1093 948 datum
1107 880 1162 973 jus
1182 881 1351 975 potentis-

207 996 330 1067 simum
354 1019 529 1090 quemque
553 994 698 1065 vexandi
725 1010 828 1090 atque
852 994 924 1090 ipsa
949 993 1205 1065 inimicitiarum
1227 997 1347 1093 gloria,

208 1138 285 1183 cum
311 1138 346 1183 se
370 1110 510 1210 plurimi
538 1110 746 1181 disertorum
769 1137 813 1181 ne
837 1137 855 1180 a
880 1113 918 1180 P.
948 1109 1088 1205 quidem
1115 1112 1276 1207 Scipione
1296 1128 1353 1183 aut

207 1229 248 1302 L.
277 1230 370 1299 Sulla
394 1245 453 1298 aut
480 1231 547 1297 Cn.
579 1227 746 1323 Pompeio
772 1227 996 1312 abstinerent,
1020 1229 1115 1298 etad
1136 1229 1354 1301 incessendos

208 1345 383 1442 principes
410 1344 513 1430 vinco,
542 1359 580 1413 ut
609 1360 656 1414 est
685 1358 806 1413 natura
837 1344 986 1430 invidia,
1015 1345 1133 1440 populi
1157 1373 1296 1443 quoque
1318 1360 1390 1415 ut5

209 1462 392 1532 histriones
416 1461 555 1532 auribus
583 1474 775 1548 uterentur,
799 1476 964 1556 (pruritum
998 1462 1157 1532 ardorem
1192 1462 1350 1558 ingeniis,

209 1605 293 1677 quas
309 1577 503 1648 oratoribus
521 1577 612 1648 faces
632 1577 875 1648 admovebant!

209 1742 212 1747 ·
257 1697 339 1767 Non
359 1694 530 1766 de'otiosa
550 1709 583 1764 et
603 1693 719 1791 quieta
735 1720 772 1766 re
788 1695 962 1790 loquimur
982 1711 1016 1766 ct
1035 1721 1110 1792 quae
1130 1696 1301 1791 probitate
1321 1711 1356 1767 ct

209 1810 376 1883 modestia
393 1811 553 1908 gaudeat,
573 1810 633 1882 sed
653 1826 704 1882 est
721 1837 844 1907 magna
862 1810 918 1881 illa
938 1828 972 1882 et
989 1811 1149 1882 notabilis
1160 1811 1356 1909 eloquentia

210 1929 346 1999 alumna
371 1926 530 2013 licentia,
559 1954 661 2023 quam
688 1928 781 1997 stulti
818 1928 1010 1998 libertatem
1037 1929 1216 2015 vocabant,
1243 1955 1358 1999 comes
1381 1935 1413 1988 1⁰

215 2044 434 2131 seditionum,
458 2044 615 2115 ctlrcrrati
638 2044 757 2139 populi
784 2044 1055 2132 incitamentum,
1080 2045 1152 2116 sinc
1177 2045 1355 2140 obsequio,

245 2217 395 2262 Vaaraurcs.
408 2217 456 2261 xl..
470 2220 494 2260 t.
508 2216 534 2261 L.
546 2213 601 2259 add.
613 2215 641 2260 dc
655 2213 741 2263 Rittcr.

246 2356 284 2395 26.
296 2351 347 2411 Ipsi
357 2365 445 2411 quoque
461 2347 503 2412 qui
517 2359 613 2410 egerunt
628 2348 762 2409 s'opposeir

215 2420 282 2475 libri,
302 2431 326 2467 et
346 2422 460 2482 quelques
480 2420 593 2481 critiques
612 2431 654 2466 ont
680 2420 762 2466 trouve

215 2491 370 2554 l’opposition
388 2492 444 2537 bien
461 2490 537 2548 lorte3
557 2491 616 2537 mais
634 2491 650 2536 il
668 2507 697 2536 uc
714 2492 763 2537 sarit

216 2579 258 2626 pas
268 2563 361 2610 oublier·
372 2579 420 2625 que
433 2562 467 2608 les
482 2563 598 2608 locutione
608 2573 631 2607 et
646 2563 703 2625 ipse,
715 2561 763 2624 ipse

216 2635 296 2692 etium,
315 2634 364 2698 ipse
387 2651 490 2698 quoque,
508 2633 643 2694 employr'res
664 2634 763 2680 d’abord

217 2708 274 2752 dans
289 2716 355 2751 toute
368 2707 389 2750 la
408 2706 471 2751 lorce
485 2706 514 2750 de
531 2705 685 2766 l'erpressiou
702 2703 763 2751 sran-

217 2777 277 2837 qaise
291 2797 302 2820 ιι
317 2777 351 2823 lui
368 2778 427 2822 aussi
440 2797 462 2832 ιι,
474 2776 580 2823 finissent
594 2793 638 2837 par
651 2793 763 2839 marqucr

217 2865 262 2895 une
276 2849 412 2910 opposition
425 2859 525 2894 soureut
537 2848 585 2894 tres
599 2848 688 2910 legere.

248 2923 296 2967 XL.
314 2927 336 2968 2.
356 2922 413 2982 Ipsa
424 2919 602 2965 inimicitiarum
617 2920 707 2981 gloria.
725 2919 762 2966 Cf.

217 2993 254 3038 ch.
269 3007 368 3048 xxxvu,
384 2998 423 3049 ³8,
432 3002 456 3037 et
468 2992 490 3036 la
503 3002 568 3037 notc.

248 3071 271 3109 tt.
287 3066 317 3109 Ut
331 3073 364 3108 est
376 3073 461 3108 natura
473 3062 564 3109 invidia
583 3063 634 3109 doit
650 3065 699 3109 etre
715 3073 763 3108 rat-

217 3133 353 3181 richetae
366 3134 510 3180 incessendos
520 3133 639 3197 principes
651 3134 718 3180 ciros.

250 3214 302 3252 5-6.
325 3208 354 3252 Ut
369 3205 501 3259 histriones,
522 3217 642 3252 comment
661 3208 696 3252 les
714 3223 766 3252 ora·

219 3287 282 3323 tetus
292 3292 317 3322 se
330 3276 475 3322 seraieut-ils
490 3277 589 3323 intordit
605 3278 639 3323 les
656 3279 766 3324 allusions

219 3349 357 3399 blessantes.
370 3348 449 3408 quand
460 3348 494 3393 les
510 3348 621 3394 histrious
633 3349 722 3395 memes
741 3366 765 3394 se

219 3420 253 3465 les
265 3418 451 3480 permettaienti
463 3418 499 3465 Cf.
507 3419 561 3468 val.
572 3423 636 3466 Max.
649 3423 691 3474 Vl,
704 3428 726 3473 2,
738 3427 766 3476 93

220 3490 269 3539 Cic.
279 3507 318 3553 pr.
331 3494 393 3535 Sest.
413 3497 452 3547 56,
471 3497 508 3537 57.
525 3516 557 3526 -
571 3491 659 3553 Populi
672 3493 767 3538 arra-ibus

220 3561 264 3620 uti,
276 3563 402 3608 s'adrerser
414 3578 459 3607 aux
469 3562 564 3608 oreilles
573 3564 605 3608 du
620 3565 717 3624 penple,
731 3574 767 3608 cst

220 3651 265 3680 uue
277 3634 414 3694 expression
426 3649 489 3680 assez
506 3650 558 3680 rare
575 3634 634 3680 daus
649 3636 671 3680 la
683 3635 767 3697 langue

220 3705 301 3752 latine.
324 3703 361 3752 Cf.
383 3707 444 3752 Eun.
468 3722 507 3767 ap.
527 3709 588 3751 Non.
613 3723 638 3766 p.
659 3713 718 3762 aot,
740 3713 766 3753 t:

221 3797 232 3819 ιι
250 3779 318 3824 More
333 3777 431 3839 antiquo
450 3777 536 3823 audibo
553 3787 624 3838 atque
644 3779 705 3823 auris
725 3778 768 3824 tibi

222 3868 233 3891 ι
252 3858 332 3894 contra
348 3849 447 3894 utendas
459 3849 529 3894 dabo.
548 3867 559 3890 ιι
575 3874 607 3884 -
618 3852 710 3912 Quoque
725 3847 768 3913 (les

221 3918 337 3984 orateur-s)
351 3934 396 3965 eux
408 3918 480 3965 cressi.

253 3997 276 4040 t.
289 3993 363 4038 Faces
374 3991 534 4040 adororeborrt.
548 3990 583 4039 Cf.
596 3992 646 4039 Cic.
659 3993 687 4038 de
699 3996 768 4040 Orat.

222 4063 255 4116 Il,
268 4069 305 4119 ot,
316 4068 375 4108 205:
388 4083 399 4105 ιι
413 4065 497 4124 Neque
504 4063 583 4124 parvis
593 4063 617 4123 iu
625 4065 695 4111 rebus
704 4064 769 4110 adhi-

222 4152 233 4176 ιι
252 4133 333 4179 bendae
347 4143 401 4179 suut
412 4135 446 4179 hoe
458 4134 553 4180 dicendi
567 4132 644 4192 laces3
659 4154 670 4176 ιι
685 4137 726 4191 Ill,
746 4142 769 4191 t,

222 4224 234 4247 ιι
250 4210 277 4250 t:
289 4203 394 4250 Hierum
410 4205 529 4251 homini...
541 4206 704 4252 vehementi...
716 4207 769 4253 Plri-

222 4295 234 4318 ιι
253 4276 320 4337 lippo
338 4276 405 4338 quasi
427 4278 541 4338 quasdam
563 4279 689 4323 verborum
708 4278 770 4324 laces

223 4367 235 4390 ιι
253 4346 434 4405 admovissem
450 4351 506 4394 Tac.
521 4349 585 4394 Hist.
605 4352 625 4406 Ι,
639 4355 682 4395 24:
697 4350 770 4395 «Fla-

224 4439 235 4462 ιι
253 4419 374 4482 granatibus
384 4420 433 4479 jam
443 4419 546 4465 militum
561 4420 645 4466 animis
656 4420 720 4466 velut
734 4419 769 4465 la·

225 4510 236 4532 ιι
254 4505 292 4535 ces
304 4490 482 4537 addiderat...»
501 4488 650 4554 (andresen).

254 4567 277 4606 8.
295 4564 347 4608 Non
364 4563 393 4607 de
408 4562 490 4610 otiosa.
510 4563 635 4609 L'abseuce
653 4564 683 4608 de
704 4573 770 4609 toute

223 4632 375 4691 conjunctiora
392 4633 422 4678 de
438 4634 602 4680 coordination
616 4633 722 4699 (namque
738 4650 769 4680 on

223 4699 293 4768 enim)
301 4703 361 4748 tieut
373 4705 385 4747 ir
395 4720 421 4749 ce
432 4704 494 4766 quia
505 4704 544 4751 ert
554 4707 589 4752 dit
599 4708 629 4752 de
638 4710 769 4763 Maternus,

816 2350 853 2394 ch.
866 2364 920 2404 xrv,
937 2356 963 2395 t:
978 2369 988 2390 ιι
1004 2348 1140 2395 Cone-iratus
1153 2359 1177 2394 et
1191 2350 1254 2394 velut
1268 2348 1363 2395 instinc-

817 2440 828 2463 ιι
847 2430 892 2464 tus.
913 2438 923 2461 ιι
943 2422 1023 2477 Peter,
1039 2421 1126 2481 auquel
1140 2420 1285 2480 J'emprunte
1300 2429 1362 2466 cette

817 2506 951 2551 remarque,
975 2490 1022 2536 cite
1046 2507 1076 2536 cn
1099 2500 1166 2536 outre
1190 2491 1223 2536 lcs
1243 2491 1363 2551 exemplcs

816 2561 918 2607 suivants
930 2561 1067 2622 d’asyndetc
1081 2562 1131 2622 pris
1143 2562 1200 2607 dans
1220 2562 1242 2607 le
1259 2561 1363 2607 discours

817 2635 983 2690 deMaternns,
995 2634 1128 2689 ch,xxxvr,
1140 2641 1152 2679 2
1165 2651 1171 2681 τ
1184 2654 1195 2677 ιι
1206 2636 1338 2695 Magna...;
1351 2652 1363 2675 ιι

817 2707 854 2752 ch.
868 2721 967 2767 xxxvu,
984 2715 1010 2752 6:
1028 2727 1038 2748 ιι
1054 2707 1139 2752 Nescio
1159 2722 1233 2762 an...;
1246 2724 1257 2746 ιι
1272 2705 1304 2750 ib.
1316 2712 1362 2753 26:

818 2800 829 2820 «
844 2781 905 2832 Non,
915 2778 1045 2838 opinor...;
1061 2797 1072 2819 ιι
1085 2779 1119 2823 ih.
1136 2784 1182 2824 at:
1198 2798 1209 2819 ιι
1228 2777 1285 2834 Quis
1295 2777 1363 2838 iguo·

819 2870 830 2891 ιι
849 2860 925 2905 rat...;
934 2869 945 2889 ιι
956 2850 994 2896 ch.
1004 2864 1094 2904 xxxix,
1107 2856 1113 2893 Ι
1125 2866 1130 2892 :
1144 2869 1154 2890 ιι
1166 2853 1265 2894 Parvum
1274 2857 1363 2905 et...;n

818 2922 850 2966 ib.
865 2928 907 2966 2¹:
923 2940 933 2962 ιι
949 2921 1009 2966 Satis
1024 2931 1160 2977 constat...;
1175 2940 1186 2962 ιι
1204 2919 1241 2965 ch.
1257 2933 1309 2977 xm,
1320 2927 1363 2966 at:

819 3014 830 3035 ιι
845 2992 973 3040 Credite...
987 3011 998 3033 a

851 3071 888 3110 to.
902 3062 1007 3110 Almana
1020 3062 1127 3108 licentiae.
1139 3065 1184 3110 Ces
1198 3073 1322 3110 motssout
1335 3079 1366 3109 en

819 3135 991 3181 contradiction
1008 3151 1063 3180 avec
1079 3135 1102 3180 le
1112 3135 1236 3196 jugement
1251 3135 1281 3180 de
1296 3132 1366 3181 Cice-

820 3223 871 3263 rou,
885 3210 952 3253 Brut.
967 3213 1006 3263 ta,
1020 3213 1062 3252 tt:
1075 3227 1086 3248 ιι
1099 3207 1165 3252 Pacis
1176 3216 1211 3252 est
1223 3221 1301 3251 comes
1312 3205 1367 3252 otii·

820 3299 831 3321 «
851 3295 897 3341 que
910 3278 972 3323 socia
990 3288 1015 3324 et
1027 3279 1078 3338 jam
1091 3278 1152 3324 bene
1169 3276 1301 3323 constitutae
1313 3275 1368 3322 civi·

821 3372 832 3393 ιι
852 3350 906 3395 tatis
923 3351 989 3412 quasi
1009 3351 1101 3396 alumna
1125 3349 1233 3412 squaedam
1256 3349 1368 3412 eloquen-

821 3442 832 3464 ιι
852 3421 893 3466 tia.
914 3440 925 3462 ιι
942 3421 1012 3476 Mais,
1027 3423 1085 3466 dans
1100 3437 1126 3466 cc
1143 3437 1251 3482 passage,
1269 3418 1368 3467 Ciceron

821 3509 910 3553 opposc
923 3508 974 3554 pax
986 3503 1010 3537 et
1026 3491 1099 3535 otium
1117 3508 1160 3536 aux
1178 3506 1274 3553 guerres
1292 3491 1369 3536 r'etran-

821 3565 888 3626 girres
901 3574 925 3609 ct
937 3580 984 3608 nou
994 3579 1038 3609 aux
1049 3562 1168 3607 discordes
1178 3562 1268 3618 civiles,
1278 3572 1303 3607 et
1313 3562 1369 3607 berse

821 3634 946 3682 constituta
956 3633 1039 3678 civitas
1053 3635 1065 3678 a
1079 3649 1110 3677 un
1122 3632 1171 3678 irat
1184 3633 1224 3693 qui
1234 3648 1369 3678 commence

822 3725 852 3752 ou
864 3706 905 3768 qni
917 3716 953 3752 est
968 3721 1051 3751 curore
1068 3704 1155 3749 soumis
1171 3705 1237 3750 irdcs
1254 3704 1309 3751 rois.
1320 3705 1370 3751 Ail-

822 3781 883 3824 lcurs
898 3778 914 3823 il
930 3793 942 3822 a
958 3777 1003 3833 dit,
1020 3777 1048 3821 de
1064 3776 1131 3822 orat.
1148 3777 1169 3833 1,
1187 3782 1210 3829 9,
1227 3782 1269 3822 38:
1289 3796 1300 3818 ιι
1319 3777 1369 3838 Ego

823 3873 834 3894 ιι
852 3865 907 3896 vero
925 3849 945 3894 si
954 3848 1024 3894 velim
1038 3858 1062 3893 et
1075 3857 1159 3892 nostrae
1174 3846 1275 3893 civitatis
1291 3862 1371 3892 exem·

823 3941 834 3964 ιι
853 3921 899 3981 plis
914 3920 948 3965 uti
961 3930 985 3964 et
995 3918 1103 3974 aliarum,
1116 3919 1184 3979 plura
1197 3917 1304 3979 prolerre
1315 3933 1371 3978 pos·

823 4013 834 4034 ιι
853 3991 897 4037 sim
919 3991 1061 4037 detrimenta
1083 3990 1184 4050 puhlicis
1204 3990 1274 4035 rebus
1298 4004 1370 4051 quam

824 4084 835 4106 ιι
854 4064 990 4123 adjumenta
1011 4077 1054 4122 per
1075 4061 1183 4107 homines
1204 4061 1369 4123 eloquentissi-

824 4156 835 4177 ιι
854 4151 905 4180 mos
918 4135 1053 4194 importata.
1072 4151 1083 4174 ιι
1102 4158 1134 4168 -
1145 4132 1269 4180 Vocabant
1287 4142 1312 4178 et
1323 4147 1371 4178 nou

823 4217 911 4267 vocant,
931 4221 1002 4268 parce
1026 4204 1083 4266 qu'il
1109 4203 1180 4266 s'agit
1198 4204 1239 4250 des
1262 4220 1320 4268 gens
1339 4206 1370 4250 du

823 4277 900 4340 passi.

856 4356 894 4395 tr.
913 4349 969 4395 Sine
985 4350 1102 4412 obsequio,
1114 4346 1166 4392 sine
1181 4347 1302 4392 severitate
1318 4356 1372 4392 sont

824 4422 865 4466 des
878 4421 1023 4483 expressions
1040 4420 1081 4481 qui
1094 4421 1241 4479 templaceut
1253 4420 1314 4464 deux
1331 4418 1371 4463 ad·

822 4492 915 4552 jectifs,
928 4507 1020 4538 comme
1035 4491 1092 4537 c'est
1109 4500 1207 4535 sourent
1223 4490 1245 4534 le
1260 4504 1297 4533 cas
1313 4488 1371 4533 dans

824 4563 919 4621 Tacite,
942 4563 972 4613 el.
991 4564 1052 4609 Hist.
1071 4564 1091 4618 l,
1109 4568 1122 4606 9
1142 4577 1147 4606 :
1173 4580 1184 4601 ιι
1208 4559 1369 4605 Hordeonium

824 4655 835 4677 ιι
853 4634 1219 4694 Flaccumspernebatsenecta...
1228 4629 1368 4686 invalidum,

821 4727 832 4748 ιι
851 4707 900 4754 sine
914 4705 1054 4762 constantia,
1065 4703 1115 4749 sine
1133 4701 1283 4751 anctoritate.
1310 4719 1322 4742 ιι
