3196 5256
268 477 306 534 86
649 474 855 531 CORNELII
885 473 1034 530 TAClTl

265 610 338 679 sine
376 608 570 693 severitate,
604 622 800 693 contumax,
831 605 1027 691 temeraria,
1056 630 1233 701 arrogans,
1269 632 1347 701 ‹puae
1381 607 1420 678 in

266 726 353 795 bene
374 723 567 793 constitutis
590 722 785 801 civitatibus
806 721 1026 792 non'oritur.
1048 723 1162 811 Quem
1186 722 1279 793 enim
1298 738 1417 794 orato·

264 866 337 911 rem
360 839 675 926 Lacedaemonium,
707 864 810 934 quem
837 841 1040 909 Cretensem
1067 837 1285 934 accepimus?
1319 841 1415 930 Qua·

211 976 242 1028 15
263 982 340 1026 rum
365 956 540 1026 civitatum
565 955 780 1058 severissima
806 954 986 1049 disciplina
1011 970 1045 1025 et
1071 953 1291 1024 severissimae
1316 955 1415 1052 leges

262 1073 468 1142 traduntur.'
481 1074 535 1142 Ne
553 1072 794 1142 Macedonum·
805 1070 946 1167 quidem
969 1096 1009 1139 ac
1029 1065 1212 1141 Persarum
1231 1085 1290 1140 aut
1306 1071 1413 1142 ullius

261 1189 383 1285 gentis,
406 1215 481 1285 quae
502 1203 598 1259 certo
619 1188 764 1283 irnperio
780 1201 942 1257 contenta
960 1185 1076 1270 fuerit,
1097 1185 1332 1281 eloquentiam
1347 1213 1410 1258 no·

260 1305 383 1374 vimus.
408 1304 534 1375 Rhodii
553 1304 705 1400 quidam,
724 1302 864 1399 plurimi
885 1302 1112 1373 Athenienses
1132 1316 1287 1373 oratores
1301 1303 1410 1374 exsti·
1463 1283 1466 1289 ’

259 1435 387 1505 terunt,
411 1420 503 1515 apud
523 1446 609 1515 quos
626 1419 740 1489 omnia
761 1420 921 1514 populus,
948 1418 1063 1487 omnia
1085 1417 1249 1512 imperiti,
1272 1420 1404 1507 omnia,

205 1555 238 1607 20
259 1551 296 1605 nt
322 1536 370 1605 sic
395 1535 552 1622 dixerim,
587 1561 706 1606 omnes
735 1549 906 1630 poterant.
937 1536 1062 1605 Nostra
1098 1559 1238 1630 quoque
1270 1535 1403 1623 civitas,

258 1654 369 1723 donec
392 1652 530 1738 erravit,
553 1652 665 1723 donec
685 1678 720 1723 se
744 1651 899 1747 partibus
919 1666 953 1720 et
979 1650 1248 1721 dissensionibus
1274 1666 1309 1722 et
1330 1651 1406 1722 dis-

257 1769 384 1838 cordiis
404 1768 566 1854 confecit,
591 1768 703 1838 donec
723 1769 816 1838 nulla
835 1767 900 1836 fnit
925 1767 960 1836 in
980 1767 1056 1837 foro
1076 1793 1154 1862 pax,
1177 1768 1271 1838 nulla
1291 1767 1326 1839 in
1347 1795 1405 1841 se-

255 1900 337 1954 natu
355 1885 554 1971 concordia,
578 1870 670 1954 nttlla
691 1885 726 1953 in
741 1884 881 1979 judiciis
900 1883 1104 1970 moderati0,
1130 1885 1223 1954 nulla
1249 1885 1403 1981 superio·

254 2026 330 2069 rum
360 2000 566 2085 reverentia,
597 2002 711 2070 nullus
744 2001 1005 2096 magistratuum
1040 2000 1174 2087 modus,
1217 2000 1294 2071 tulit
1327 2001 1403 2074 sine

199 2136 233 2188 25
254 2116 360 2185 dubio
380 2114 605 2186 valentiorem
626 2117 870 2211 eloquentiam,
890 2116 978 2185 sicut
993 2116 1180 2187 indomitus
1197 2142 1280 2213 ager
1297 2117 1404 2190 habet

215 2281 218 2287 .
253 2231 416 2328 quasdam
442 2231 566 2302 herbas
583 2231 743 2303 laetiores.
768 2230 836 2302 Sed
855 2256 920 2302 nec
940 2231 1025 2302 tanti
1049 2231 1099 2301 rei
1124 2231 1270 2328 publicae
1291 2236 1421 2303 Grac·-

252 2348 399 2419 chorum
419 2349 615 2445 eloquentia
635 2349 711 2435 fuit,
731 2365 768 2419 ut
788 2362 964 2445 pateretur
984 2362 1018 2419 et
1035 2349 1140 2445 leges,
1161 2374 1227 2418 nec
1243 2350 1330 2421 bene
1350 2350 1398 2420 fa·

250 2492 341 2534 anam
362 2465 567 2560 eloquentiae
583 2465 708 2535 Cicero
727 2465 786 2534 tali
805 2465 897 2536 exitu
916 2464 1084 2562 pensavit.

300 2584 392 2652 XLI.
416 2582 473 2651 Sic
493 2608 632 2679 quoque
660 2581 753 2678 quod
778 2596 935 2677 superest
957 2580 1089 2677 antiqui
1115 2582 1310 2653 oratoribus
1330 2582 1398 2653 fori

277 2808 428 2853 Vanisnrss.
441 2831 473 2841 -
484 2812 521 2851 m.
535 2805 661 2851 severitate
676 2803 781 2851 Pithon:
794 2804 906 2850 servitute
923 2820 978 2849 mss.
990 2829 1022 2839 -
1035 2809 1070 2849 tt.
1085 2803 1217 2864 acecpimus
1233 2807 1267 2851 va
1285 2825 1292 2851 .·
1305 2805 1395 2866 accipi-

246 2892 296 2921 mus
308 2879 361 2924 Vt.
371 2903 401 2912 -
415 2883 452 2922 46.
464 2876 533 2923 ullius
544 2877 585 2922 V:
600 2876 663 2921 illius
677 2878 718 2921 La.
734 2901 764 2912 -
780 2883 818 2921 25.
832 2876 891 2921 sieut
903 2874 1031 2921 indomitus
1048 2874 1193 2922 Puteolamae
1207 2893 1215 2920 :
1230 2875 1299 2922 sicuti
1316 2877 1394 2922 domi·

246 2957 283 2992 tus
297 2962 352 2991 mss.
372 2972 404 2982 -
423 2954 461 2992 26.
485 2947 586 2992 laetiores
611 2947 737 2994 Rhenanus
757 2968 765 2994 :
786 2947 883 2993 latiores
907 2962 969 3000 ntss;
992 2947 1052 2992 tanti
1070 2947 1210 2994 Rhenanus.-
1224 2956 1275 2992 tuta
1294 2963 1396 2993 mss.-

246 3025 325 3064 27-28.
339 3016 425 3063 lainam
435 3022 533 3064 Muret:
545 3017 645 3063 formam
657 3034 712 3064 mss.
725 3046 756 3055 -
768 3021 828 3066 XLI.
837 3017 959 3078 iamiqu
969 3018 1101 3064 oratoribus
1112 3016 1156 3064 lori
1167 3019 1394 3081 Spengeleantiqnis

243 3089 376 3135 oratoribus
388 3088 463 3134 forum
480 3104 534 3133 mss.

276 3239 312 3277 ta.
335 3231 392 3277 Sine
417 3231 548 3286 severitate,
568 3246 621 3276 sans
640 3230 739 3293 grente,
759 3231 790 3280 ef.

243 3302 324 3362 Quint.
339 3303 477 3357 vt11‚s,at
492 3319 497 3347 :
513 3323 523 3343 ιι
536 3302 589 3347 rori
604 3302 723 3360 severitas,
741 3322 753 3344 ιι
766 3315 790 3349 et

242 3376 281 3430 Vl,
293 3379 316 3430 3,
328 3380 370 3419 26:
386 3394 397 3415 ιι
408 3373 494 3420 Gratias
508 3372 634 3433 plurimum
645 3374 745 3420 dicentis
755 3391 790 3421 se·

243 3466 254 3488 ιι
272 3445 358 3492 veritas
379 3447 457 3494 affert.
482 3464 493 3486 ιι
511 3446 629 3491 Severitas
657 3444 748 3507 ripond
776 3449 788 3492 is

238 3517 345 3581 probitas
357 3516 382 3578 ll.
397 3515 430 3581 8),
443 3533 533 3563 comme
540 3517 673 3579 obsequium
683 3519 790 3564 amodes·

241 3588 275 3635 tia
288 3587 386 3653 (Peter).

272 3667 313 3706 ta·
319 3667 325 3706 l
331 3667 355 3709 4.
374 3665 446 3722 Quem
455 3660 516 3707 enim
525 3672 636 3707 oratorem
646 3663 787 3708 Lacedaemo-

240 3730 332 3781 nium...
352 3732 415 3778 C'est
440 3749 469 3777 un
491 3733 600 3778 souvenir
622 3734 652 3777 de
677 3732 785 3791 ciceron,

239 3808 305 3849 Brut.
324 3810 360 3866 ta,
376 3810 420 3860 5⁰3
434 3803 491 3848 mais
508 3804 531 3848 le
546 3803 613 3865 point
627 3804 658 3848 de
670 3820 714 3849 vue
726 3804 786 3850 n'est

238 3890 280 3934 pas
295 3874 415 3920 lemdme.

270 3952 307 3995 ts.
333 3945 515 3994 Seuerissima...
538 3945 694 3996 severissimae.
721 3951 785 3995 Nous

237 4032 332 4061 verrens
345 4017 446 4062 d'autres
462 4018 581 4078 exemplos
600 4017 630 4062 de
647 4015 785 4078 repetitions

237 4087 386 4148 semblables,
400 4087 430 4132 cf.
442 4103 494 4145 xm,
509 4095 550 4144 {02
567 4108 578 4129 ιι
592 4088 719 4134 Minimum
732 4107 785 4137 usus

239 4178 249 4199 ιι
268 4157 430 4218 mininumque
451 4157 580 4218 profectus,
604 4177 615 4200 ιι
639 4170 662 4205 et
684 4160 716 4207 ib.
741 4169 784 4210 26:

238 4249 249 4269 ιι
267 4230 377 4288 Magnam
388 4227 472 4272 samam
485 4238 509 4274 et
521 4244 628 4289 magnam
642 4232 755 4291 quietem.
772 4253 783 4274 ιι

268 4306 306 4345 18,
332 4297 426 4356 Rhodii,
447 4315 491 4359 par
512 4301 621 4360 exemple
645 4304 785 4362 Apollonius

236 4372 328 4426 Melon,
345 4371 368 4416 le
385 4374 468 4415 maltro
482 4371 511 4415 de
524 4368 631 4426 Ciceron,
648 4382 673 4417 et
688 4376 785 4419 Herma.

236 4459 314 4504 goras.

267 4522 304 4561 at.
320 4513 422 4560 Erravit.
439 4511 477 4562 Ci.
489 4513 526 4559 ob.
540 4527 628 4567 xxxvr,
644 4520 666 4558 t.

266 4591 350 4633 23-24.
360 4584 435 4633 Nulla
441 4583 583 4648 superiorum
589 4584 723 4640 revereutta,
732 4596 784 4633 tant

235 4657 306 4718 qa'on
320 4673 349 4702 ne
366 4666 471 4716 respecta
487 4672 529 4716 pas
544 4657 584 4702 des
599 4670 656 4715 gens
668 4656 783 4705 eminents

845 3247 937 3278 comme
956 3231 990 3276 les
1010 3231 1125 3293 Scipions,
1148 3234 1222 3293 Sylla,
1242 3231 1348 3295 Pompeio
1364 3233 1391 3299 (l.

845 3303 878 3365 4),
893 3311 938 3346 ete.
956 3299 993 3348 Cf.
1006 3300 1068 3348 Hist.
1084 3304 1124 3358 Ν,
1139 3309 1203 3348 8οειι
1220 3303 1334 3363 Superbia
1347 3305 1392 3351 viri

845 3394 856 3416 ιι
876 3372 1000 3435 aequalium
1011 3388 1117 3435 quoque,
1128 3374 1187 3421 adeo
1198 3375 1392 3439 superiorumqin-

845 3467 856 3489 ιι
875 3445 1006 3494 tolerantis.
1027 3463 1038 3486 ιι

875 3523 913 3563 at.
931 3516 1018 3564 Nullus
1036 3515 1216 3577 magistratuum
1232 3518 1321 3572 modus,
1340 3527 1392 3565 tant

843 3589 915 3649 qu‘on
932 3604 962 3634 ne
976 3587 1021 3633 fita
1036 3604 1078 3649 pas
1094 3589 1124 3634 de
1139 3589 1255 3635 limitetis
1270 3589 1390 3636 l'autorits's

842 3661 883 3705 des
898 3658 1040 3721 magistrats.

873 3738 911 3778 26.
924 3729 1042 3783 Latiares,
1054 3731 1192 3791 expression
1206 3732 1236 3778 de
1245 3731 1346 3795 Virgile,
1357 3733 1388 3782 cf.

841 3806 924 3863 Georg.
944 3803 964 3854 1,
985 3807 1046 3848 3³9:
1061 3823 1072 3844 ιι
1090 3801 1159 3848 Latis
1173 3813 1285 3863 operatus
1298 3803 1323 3850 in
1336 3804 1390 3850 ber·

841 3894 852 3916 ιι
872 3874 915 3919 bis.
926 3893 937 3915 ιι
950 3900 982 3910 -
993 3875 1041 3920 Neo
1048 3873 1138 3920 tanti...
1141 3874 1206 3936 fuit.
1217 3878 1340 3922 Maternus
1352 3891 1388 3921 so-

840 3955 922 3992 centue
933 3945 963 3991 ici
977 3945 1011 3991 les
1025 3943 1129 3991 reserves
1146 3945 1203 4007 qu’il
1218 3962 1230 3991 ι
1246 3945 1299 4007 dejis
1309 3946 1388 4004 faites,

839 4018 877 4062 ch.
893 4024 1045 4073 xxxv11,3tl.
1061 4018 1081 4063 ll
1098 4026 1153 4062 veut
1161 4016 1225 4063 dire:
1238 4020 1294 4063 Sans
1305 4019 1387 4076 doute,

840 4088 897 4133 dans
913 4089 948 4134 les
969 4098 1047 4148 temps
1069 4087 1175 4134 troubls'ss
1192 4089 1222 4134 de
1242 4089 1264 4134 la
1285 4088 1388 4151 republi-

840 4175 896 4220 que,
909 4159 1056 4221 l'r'eloqnenee
1069 4175 1081 4205 a
1092 4158 1143 4220 jere
1154 4175 1184 4205 un
1198 4159 1253 4206 bien
1265 4159 1300 4205 vif
1308 4160 1386 4219 delat3

839 4230 897 4276 mais
911 4231 934 4277 le
948 4233 1023 4277 talent
1035 4233 1076 4278 des
1087 4235 1207 4293 Graeques
1219 4247 1249 4277 ne
1260 4231 1333 4278 vulsit
1344 4248 1386 4292 pas

839 4302 911 4364 qu'on
923 4307 1046 4363 supportat
1059 4305 1122 4349 leurs
1136 4304 1180 4350 lois
1191 4303 1304 4366 agroires,
1320 4312 1346 4349 et
1358 4319 1386 4350 ce

839 4373 874 4419 fut
889 4391 920 4419 un
934 4375 1008 4435 grand
1022 4375 1130 4421 malbenr
1142 4391 1188 4436 que
1203 4374 1302 4422 ciceron
1313 4375 1385 4436 paydt

838 4446 868 4490 de
882 4462 906 4490 sa
922 4445 959 4492 vie
973 4462 996 4491 sa
1009 4447 1085 4506 gloire
1098 4446 1225 4493 d’orateur.

869 4517 929 4562 xm.
946 4523 966 4561 t.
977 4514 1018 4561 Sic
1025 4531 1122 4577 quoque,
1133 4516 1283 4575 aujourd'hut
1295 4517 1382 4573 meme,

838 4589 872 4632 les
885 4587 966 4632 choses
976 4587 1041 4632 etant
1049 4602 1076 4632 oe
1084 4587 1182 4648 qu'ellos
1194 4600 1255 4636 sont.
1269 4589 1305 4637 Ci.
1315 4591 1380 4636 Ann-

838 4659 880 4713 lV,
894 4662 938 4712 40;
951 4659 1005 4702 Sen.
1023 4658 1052 4703 de
1064 4661 1122 4707 Bon.
1136 4659 1181 4714 lIl,
1192 4666 1231 4714 34,
1245 4663 1326 4724 ηερ.
1341 4667 1380 4718 tt,
