3196 5256
198 422 258 463 MR

601 415 952 490 rn'ruouuc'non.

200 534 413 625 Duriogue,rl
435 561 471 603 sc
483 557 648 627 renoure,
665 574 795 621 comme
816 584 898 628 nous
914 566 1019 633 allous
1039 566 1119 651 von,
1137 571 1217 637 dans
1228 573 1351 665 I'Agrr'-

201 654 274 723 colu
291 669 322 719 et
337 650 418 721 daus
436 653 466 723 lu
486 659 700 734 Gerrumn'e':

240 907 307 961 ctat.
324 908 402 974 XIX,
416 914 443 975 8.
459 915 557 987 vulgus
578 939 692 994 quoque
711 945 751 979 us·

204 990 357 1045 sistentium
375 1008 403 1047 et
420 995 537 1052 ullluens
555 1014 584 1055 et
601 1022 686 1076 rugus
701 1028 752 1061 uu-

205 1073 312 1129 uitur...

239 1185 275 1194 -
314 1156 416 1223 xxix,
433 1164 475 1226 11,
491 1162 662 1222 histrionalis
677 1173 755 1225 lavor

207 1251 234 1369 tlt
260 1237 444 1309 gladiatorum
473 1264 668 1324 equorumque
694 1268 754 1308 stu-

207 1337 284 1373 tta...

241 1431 276 1441 —-
313 1401 391 1466 XVI,
407 1407 452 1471 2'1,
468 1409 503 1461 ad
519 1424 646 1479 naturam
667 1435 753 1469 seecu-

209 1481 297 1573 torum
312 1502 344 1537 uu
362 1503 519 1559 respectum
533 1492 662 1550 immensi
675 1498 757 1570 hujus

208 1578 290 1617 auri...

247 1780 315 1835 ctat.
333 1782 355 1845 l,
374 1785 399 1849 7,
413 1792 621 1857 percontationi
636 1808 688 1846 tuae
704 1815 758 1848 res-

211 1861 336 1937 pondere
360 1877 388 1919 et
408 1879 464 1921 tum
479 1889 584 1943 magum
597 1876 758 1946 quaestionis

212 1942 322 2018 pondus
339 1946 499 2019 excipere...

248 2078 315 2133 Ilici.
333 2081 398 2148 XII,
411 2090 436 2148 8,
449 2087 477 2140 iu
497 2089 544 2143 illa
560 2105 634 2144 easta
651 2106 679 2145 et
695 2094 758 2146 nul-

212 2159 243 2215 Iie
255 2176 383 2219 coutimur
399 2167 470 2222 vitiis
486 2185 632 2241 pectora...

250 2631 318 2689 Ital.
336 2631 395 2695 XL,
411 2636 452 2695 11,
465 2632 523 2684 sine
539 2631 684 2702 obsequio,
701 2634 759 2686 sine

214 2713 368 2780 seueritate,
381 2726 540 2780 contumax,
553 2713 707 2781 temeraria,
720 2735 760 2766 ar-

215 2813 347 2869 rupnur...

251 2928 319 2984 Iliul.
336 2927 400 2991 XII,
426 2929 468 2991 12,
492 2926 558 2978 felix
579 2927 647 2978 illud
669 2940 707 2990 et,
732 2940 763 2980 ut

215 3028 291 3063 ttrrrrc
307 3022 403 3063 nostro
420 3009 529 3081 loquar,
546 3026 659 3060 aureum
676 3026 761 3059 seecu-

216 3091 304 3146 luen...

251 3224 319 3279 trial.
343 3223 391 3288 VI,
417 3226 461 3287 20,
489 3223 535 3275 illa
563 3221 713 3275 secretiora
738 3235 765 3274 et

218 3319 323 3363 uentum
339 3305 405 3378 ipsis
422 3303 565 3357 orantibus
580 3317 679 3356 nota...

257 3440 325 3496 trial.
346 3439 406 3506 IIII,
426 3444 468 3505 19,
486 3439 599 3510 Orphea
620 3451 648 3490 et
664 3437 764 3489 Linum

222 3544 263 3591 nc,
295 3523 317 3577 si
350 3521 531 3592 introspicere
568 3519 648 3572 altius
687 3518 763 3584 velis,

218 3596 310 3678 'iprum
325 3603 514 3676 Apollinem...

256 3743 325 3799 Dr'aI.
338 3743 416 3807 XIII,
432 3745 473 3806 19,
486 3741 521 3792 de
532 3737 765 3792 sollicitudinibus

221 3839 248 3880 rt
267 3824 338 3879 curis
360 3838 386 3876 et
405 3821 568 3875 necessitate
590 3818 693 3871 cotidie
713 3817 764 3869 ali-

221 3907 288 3979 quid
305 3917 401 3959 ooutra
415 3902 537 3954 animum
552 3899 679 3952 faciendi.

256 4018 288 4028 -
325 3987 376 4049 VI,
395 3988 436 4048 12,
454 3982 581 4034 homines
606 3992 713 4031 veteres
738 3991 765 4030 et

221 4068 305 4121 totius
321 4065 395 4118 orbis
412 4063 497 4134 gratia
513 4060 654 4113 subnixos.

254 4201 323 4253 ciat.
341 4199 448 4261 XVIII,
460 4201 502 4261 12,
516 4196 611 4248 mitior
627 4193 764 4247 Coruinus

219 4296 247 4336 et
263 4281 372 4334 dulcior
394 4292 420 4332 et
438 4279 466 4332 in
488 4277 578 4329 verbis
598 4275 683 4345 magis
705 4276 762 4328 ela-

217 4363 341 4416 boratus.

255 4577 274 4615 l.
292 4571 324 4614 Le
339 4566 431 4613 resume
449 4581 495 4627 que
508 4566 532 4623 je
551 4563 627 4607 donne
643 4563 685 4606 dee
699 4561 763 4605 lister

221 4645 251 4688 de
264 4641 403 4688 weinkaun
413 4649 448 4683 est
458 4634 581 4698 emprunti
594 4638 605 4678 i
621 4637 654 4680 III.
669 4637 762 4689 lansec,

843 939 974 1004 Agricola,
991 941 1017 1006 5,
1034 961 1138 994 summa
1151 963 1243 995 rerum
1258 963 1289 996 uc
1307 964 1354 996 re·

807 1031 945 1085 cuperatee
960 1024 1110 1091 provinciae
1125 1025 1245 1094 glorier...

843 1210 879 1221 -
915 1185 959 1247 29,
970 1184 1059 1235 omnis
1069 1185 1200 1254 juventus
1214 1200 1241 1238 et
1255 1188 1356 1257 quibus

810 1261 895 1315 cruda
909 1281 940 1314 ao
955 1263 1049 1316 viridis
1061 1280 1197 1320 senectus.

844 1455 881 1464 -
917 1431 961 1489 45,
978 1428 1117 1480 obsessam
1133 1430 1237 1482 curium
1247 1443 1275 1482 et
1285 1431 1357 1483 cluu-

812 1524 871 1557 sum
881 1507 962 1558 armis
975 1522 1110 1562 senatum.

848 1591 931 1639 Germ.
948 1592 972 1650 l,
990 1589 1058 1641 latos
1074 1590 1147 1643 sinus
1166 1605 1194 1644 et
1208 1591 1358 1643 insularum

812 1665 944 1719 immensa
960 1669 1057 1737 spatia.

848 1809 912 1874 Agr.
926 1808 969 1869 25,
982 1823 1032 1875 per
1044 1804 1208 1857 commercia
1219 1805 1360 1857 venunda-

813 1896 857 1935 tos
872 1898 900 1936 et
911 1885 946 1936 ad
959 1898 1082 1937 nostram
1095 1904 1182 1956 usque
1196 1885 1284 1954 ripam
1297 1904 1359 1937 mu-

810 1964 920 2025 tatione
932 1965 1083 2017 ementium
1093 1966 1240 2018 adductos.

848 2106 912 2169 Agr.
927 2103 968 2162 16,
980 2099 1115 2152 innocens
1130 2100 1250 2151 Bolanus
1263 2111 1292 2152 et
1301 2101 1361 2151 nul·

813 2179 845 2231 lis
861 2179 968 2232 delictis
985 2179 1096 2231 invisus.

849 2265 930 2311 Germ.
950 2264 991 2325 10,
1009 2260 1121 2312 candidi
1142 2273 1170 2314 et
1189 2261 1265 2313 nullo
1284 2279 1361 2313 mor-

815 2340 862 2392 tali
877 2358 963 2410 opere
980 2340 1111 2392 contacti.

848 2451 884 2460 -
921 2424 964 2483 28,
1000 2421 1171 2490 promiscuas
1206 2420 1297 2472 adhuc
1335 2434 1364 2474 et

813 2501 889 2552 nullo
898 2505 1052 2570 'regnorum
1062 2500 1189 2571 potentia
1203 2500 1337 2555 divisas...

849 2640 931 2687 Germ.
958 2639 1001 2700 35,
1028 2636 1087 2687 sine
1115 2635 1279 2704 cupiditate,
1305 2633 1363 2686 sinc

814 2715 979 2786 impotentia
993 2715 1081 2786 quieti
1096 2714 1286 2786 secretique...

852 2937 934 2984 Germ.
954 2935 981 2993 2,
1004 2931 1153 2982 immensus
1174 2931 1256 2996 ultra,
1279 2942 1364 3002 utque

819 3013 857 3065 sie
873 3012 999 3077 dixerim,
1012 3012 1142 3063 adversus
1156 3011 1291 3063 Oceanus.

856 3231 939 3278 Germ.
957 3230 985 3288 Is,
1000 3244 1097 3295 magna
1118 3244 1236 3295 corpora
1256 3238 1284 3278 et
1302 3238 1365 3277 tan·
1418 3227 1420 3231 ’

819 3322 877 3361 tum
891 3307 926 3359 ad
940 3306 1075 3376 impetum
1091 3306 1216 3358 valida...

855 3447 937 3494 Germ.
957 3447 998 3504 12,
1014 3440 1172 3493 vehiculum
1184 3453 1212 3493 et
1222 3453 1312 3493 vestes
1326 3453 1364 3507 et,

818 3523 841 3575 si
855 3524 968 3575 credere
982 3521 1061 3586 velis,
1076 3540 1179 3574 numen
1193 3521 1318 3591 ipsum...

855 3743 921 3808 Agr.
939 3740 982 3800 13,
1003 3736 1134 3787 dilectum
1161 3754 1192 3786 ae
1214 3734 1317 3788 tributa
1338 3746 1366 3786 et

819 3818 942 3887 injuncta
956 3816 1066 3886 imperii
1080 3835 1228 3868 munera...

853 4013 887 4021 —
926 3985 970 4043 ll,
988 3980 1112 4049 vigorem
1134 3993 1162 4032 et
1184 3977 1364 4031 constantium

820 4075 848 4114 et
862 4074 1005 4131 expertem
1019 4059 1085 4111 belli
1101 4059 1256 4113 animum...

854 4202 915 4266 Agr.
926 4198 952 4258 9,
962 4212 1057 4246 secura
1067 4207 1095 4247 et
1106 4193 1232 4246 obtusior
1246 4205 1274 4245 et
1285 4192 1364 4263 pluru

820 4296 903 4330 manu
922 4294 1039 4346 agens...

818 4579 869 4605 orte.
881 4561 931 4621 cit,
940 4578 964 4620 p.
977 4568 1014 4606 77.
1026 4563 1105 4621 Voyez
1114 4561 1301 4623 Weinkuullmp.
1312 4560 1363 4617 cim,

818 4648 842 4692 p.
857 4639 941 4679 sr-ss.
