3196 5256
416 476 640 533 DIALOGUS
668 477 720 531 Du
748 476 1029 532 ORA'l'ORlBUS
1074 474 1089 556 ξ
1116 480 1144 534 5.
1329 483 1345 538 t

203 613 245 682 ad
262 611 462 707 dignitatem
480 608 625 705 amplius
640 609 693 678 vel
713 607 756 676 ad
773 608 868 676 urbis
888 607 1012 677 faniam
1032 607 1211 704 pulchrius
1222 616 1285 683 *vel
1305 617 1347 684 ad

202 729 306 799 totius
330 727 465 821 imperii
501 741 604 820 atque
637 725 791 793 omnium
818 725 973 819 gentium
998 727 1154 797 notitiam
1184 729 1347 800 illustrius

202 844 389 941 excogitari
411 857 535 938 potest.
557 845 647 912 Nam
670 841 695 909 si
721 840 763 909 ad
781 841 963 910 utilitatem
978 843 1055 910 vitae
1074 845 1188 913 onmia
1207 848 1347 917 consilia
1368 874 1400 924 20

201 965 358 1056 laetaque
385 974 502 1029 nostra
519 957 700 1053 dirigenda
722 973 812 1043 sunt,
841 958 925 1052 quid
947 974 998 1028 est
1020 961 1126 1029 tutius
1144 988 1246 1057 quam
1273 989 1348 1034 eam

202 1103 363 1150 exercere
393 1090 513 1161 artem,
543 1101 610 1168 (qua
640 1100 777 1169 semper
805 1090 954 1143 armatus
985 1077 1182 1169 praesidium
1214 1077 1342 1167 amiciS,

202 1221 304 1290 opem
328 1192 460 1278 alienis,
487 1193 629 1260 salutem
654 1191 939 1284 periclitantibus,
966 1191 1090 1260 invidis
1114 1219 1197 1262 vero
1222 1211 1257 1265 et
1279 1197 1347 1266 ini-

203 1310 300 1380 micis
320 1325 450 1379 metum
468 1323 503 1378 et
521 1322 691 1377 terrorem
710 1308 801 1376 ultro
824 1307 923 1393 ferat,
943 1308 1015 1401 ipse
1037 1334 1178 1378 securus
1199 1327 1233 1381 et
1253 1314 1348 1383 velut

203 1428 350 1522 quadam
374 1441 542 1520 perpetua
563 1425 716 1519 potentia
734 1449 773 1492 ac
797 1439 966 1518 potestate
986 1425 1163 1495 munitus?
1178 1430 1275 1522 cujus
1296 1430 1347 1498 vis
1367 1452 1400 1502 25

106 1580 109 1586 ¹
201 1559 235 1614 et
261 1543 387 1612 utilitas
416 1543 519 1610 rebus
543 1566 709 1635 prospere
734 1541 918 1610 lluentibus
950 1541 1095 1610 aliorum
1123 1543 1284 1640 perfugio
1313 1562 1348 1616 et

199 1661 306 1729 tutela
329 1657 568 1752 intellegitur:
590 1656 641 1724 siu
656 1656 836 1751 proprium
853 1657 1046 1750 periculum
1071 1658 1254 1754 increpuit,
1276 1687 1346 1729 non

199 1776 341 1845 hercule
356 1774 463 1843 lorica
481 1788 515 1842 et
529 1771 662 1867 gladius
683 1772 717 1840 in
733 1772 806 1841 acic
826 1772 956 1841 firmius
976 1774 1225 1844 munimentum
1243 1803 1344 1871 quma

200 1917 261 1962 reo
285 1907 319 1961 ct
342 1889 550 1987 periclitanti
582 1889 789 1984 eloquentia,
815 1889 1012 1983 praesidium
1035 1890 1135 1959 simul
1160 1918 1198 1960 ac
1222 1893 1341 1980 telum,

200 2035 269 2103 quo
284 2032 506 2103 propugnare
521 2006 651 2100 pariter
674 2020 708 2074 ct
729 2005 900 2075 incessere
922 2006 992 2076 sive
1017 2006 1198 2102 injudicio
1218 2009 1288 2078 sive
1310 2009 1346 2077 in
1365 2026 1399 2078 30

228 2234 367 2279 thtuuru.
380 2257 411 2268 -
424 2238 452 2277 30
476 2233 524 2278 sive
535 2233 656 2294 injudicio
668 2237 764 2282 Muret:
777 2237 812 2281 vcl
829 2235 853 2280 iu
863 2236 954 2296 judicio
966 2253 1020 2281 mss.

198 2373 317 2440 (jusqu’uu
325 2376 364 2420 eh.
374 2374 419 2438 vr),
426 2376 467 2420 des
474 2376 619 2436 jouissanees
627 2377 744 2440 (jusqu’au

199 2449 280 2494 milieu
297 2449 328 2492 du
349 2448 386 2492 ch.
407 2447 463 2511 vu),
483 2449 514 2492 dn
537 2449 613 2495 crirdit
633 2459 657 2494 et
676 2450 706 2494 de
717 2445 742 2493 la

198 2520 273 2578 gleire
284 2535 331 2580 que
342 2535 444 2578 procuro
463 2518 611 2580 l'iloqucuce
624 2520 741 2583 (jusqu'au

199 2592 235 2635 ch.
250 2592 294 2653 rx).

231 2669 271 2708 20.
290 2665 350 2710 Num
361 2661 426 2707 siud
441 2661 610 2708 utilitatem...
627 2665 700 2724 Aper,
713 2680 744 2708 on

199 2735 292 2788 lestolt,
307 2749 378 2796 songe
390 2744 457 2779 avant
472 2743 524 2779 tout
536 2750 581 2778 sux
598 2733 702 2785 malitis,

229 2813 267 2852 21.
282 2806 347 2867 Quid
364 2816 399 2850 est
417 2805 498 2861 tutius,
520 2817 567 2851 ete.
591 2808 624 2852 Ce
645 2823 743 2869 passage

197 2879 248 2924 doit
261 2879 312 2923 tue
324 2875 457 2938 rapproehit
473 2877 544 2923 d'nue
554 2895 615 2940 page
628 2880 657 2924 de
673 2879 743 2924 Ciet-

197 2967 249 3007 ron,
262 2951 321 2996 dont
331 2951 347 2995 il
361 2960 397 2995 est
407 2949 507 3010 iuspirie,
519 2951 547 2995 de
556 2954 624 2996 Orat.
638 2953 656 3006 Ι,
669 2957 692 3014 8,
703 2958 740 2996 32.

229 3029 266 3068 24.
285 3026 356 3068 Ferat
377 3039 388 3066 a
403 3038 464 3082 pour
481 3023 543 3082 sajet
560 3024 583 3068 le
601 3022 664 3082 sujet
676 3022 742 3068 inde-

197 3094 296 3140 termine
309 3096 339 3139 de
350 3092 468 3139 l'infinitil
478 3110 595 3139 exercere.
615 3097 713 3141 Comme
726 3094 741 3140 il

198 3166 272 3211 arrive
285 3176 384 3212 souvent
399 3183 429 3211 en
441 3167 510 3221 latin,
526 3167 594 3227 apres
614 3167 648 3212 les
661 3169 742 3213 verbes

197 3238 374 3298 impersonnels,
395 3254 422 3283 ee
441 3241 502 3298 sujet
522 3237 681 3284 indetermint
702 3239 742 3300 qui

197 3309 267 3356 serait
282 3326 310 3353 ou
333 3325 362 3354 en
380 3309 479 3370 lraneais
493 3311 554 3356 n'est
572 3327 616 3370 pas
635 3311 741 3372 exprime

197 3382 283 3425 devant
298 3379 417 3426 l’infinitif.
434 3381 494 3427 Mais
505 3381 575 3426 l'idec
589 3398 619 3426 en
633 3392 668 3427 est
683 3400 742 3443 rap·

197 3451 266 3512 pelt'te
278 3451 309 3496 iei
317 3467 361 3512 par
374 3452 395 3497 le
404 3452 521 3514 participe
534 3464 649 3511 aritretus,
661 3471 687 3500 ce
701 3455 742 3515 qui

197 3523 256 3570 u'est
267 3540 310 3584 pas
327 3524 436 3584 touj0urs
450 3523 583 3570 ntcessaire
601 3543 606 3569 :
621 3542 675 3585 roy.
691 3526 740 3572 Cic.

197 3599 293 3653 Brutus,
310 3603 348 3652 57,
359 3603 405 3641 209
418 3613 423 3642 :
440 3616 450 3637 «
466 3599 555 3643 Cani...
570 3595 665 3643 difficile
681 3598 740 3643 sit...

199 3688 209 3708 a
223 3684 270 3713 nou
287 3668 417 3728 aliquando
439 3669 531 3730 aliquid
549 3669 582 3715 ita
602 3670 691 3723 dicere,
715 3679 740 3714 ut

198 3760 208 3780 ι
223 3739 267 3784 sibi
278 3739 329 3799 ipse
341 3740 550 3786 noneonveniat...
566 3762 577 3784 s>
594 3742 631 3788 Cf.
642 3744 670 3786 de
683 3741 739 3789 Fiu.

197 3812 241 3866 Ill,
255 3817 332 3866 tt,70
349 3828 354 3856 ε
373 3830 383 3852 ιι
401 3815 514 3857 Fateatur
526 3813 630 3859 alienum
649 3829 698 3858 esse
711 3813 740 3858 ab

199 3901 209 3922 a
224 3882 345 3942 justitia...
356 3884 493 3942 ¹detrahere
513 3886 572 3946 quid
592 3887 622 3931 de
648 3885 738 3946 aliquo,

198 3972 209 3993 a
224 3953 290 4015 quod
310 3953 354 3999 sibi
376 3965 487 4000 assumat.
503 3975 514 3997 u

227 4031 265 4069 25.
274 4025 384 4071 Potentia
393 4041 422 4071 ao
426 4036 551 4088 potestate.
562 4028 582 4072 Il
591 4028 630 4091 u'y
639 4045 650 4072 a
661 4045 702 4088 pas
711 4029 741 4075 iei

195 4098 225 4141 de
240 4095 385 4156 pleonasiae.
402 4100 467 4159 Aper
481 4107 537 4143 veut
552 4098 661 4159 direque
675 4099 741 4145 l‘islo-

196 4183 285 4228 quenee
307 4184 336 4214 ne
357 4169 434 4215 donne
449 4186 492 4231 pas
502 4169 633 4215 seulement
648 4171 669 4216 le
681 4188 739 4232 pou-

195 4239 245 4284 roir
262 4239 382 4305 (potestus)
399 4242 459 4287 dont
478 4241 602 4287 l'exereiee
618 4253 654 4288 est
667 4243 740 4290 borni

195 4311 251 4356 dans
258 4311 281 4356 le
292 4322 378 4372 temps,
388 4314 445 4358 mais
454 4315 476 4358 la
484 4315 609 4374 puissunee
619 4312 740 4380 (potentia)

195 4381 236 4442 qui
250 4394 285 4428 est
304 4385 407 4445 quelque
425 4385 495 4432 chose
510 4386 540 4432 de
559 4387 659 4431 durable
672 4396 695 4433 et
712 4389 741 4433 de

195 4465 333 4512 permanent
347 4452 487 4521 (peipetuo).

225 4531 263 4569 26.
283 4527 617 4592 Rebusprospereflueutibus.
626 4533 738 4591 Compar.

194 4598 257 4640 Anu
272 4599 322 4649 XV,
335 4605 347 4642 5
362 4614 367 4642 ι
383 4618 394 4639 u
413 4603 462 4645 Nee
482 4603 609 4661 praesentia
626 4618 739 4664 prospere

195 4666 332 4724 «fluebanu
352 4689 362 4711 ι)
377 4670 440 4720 Hist.
463 4675 507 4727 ΙΙΙ,
530 4679 559 4718 48
581 4690 587 4719 :
609 4693 621 4715 (ι
643 4676 739 4721 Cunctis

799 2398 809 2418 u
825 2395 896 2439 super
913 2379 1142 2434 vesanientibus»
1165 2389 1188 2424 et
1202 2378 1302 2425 ciceron
1317 2381 1345 2425 de

798 2449 871 2511 Ofstc.
888 2452 909 2504 Ι,
923 2457 962 2505 26,
978 2457 1007 2494 80
1021 2466 1026 2494 :
1043 2469 1054 2490 (ι
1069 2451 1096 2493 ln
1109 2450 1178 2494 rebus
1188 2452 1309 2510 prosperis
1320 2462 1343 2497 et

799 2540 810 2562 u
825 2522 854 2565 ad
864 2520 1009 2565 voluntatem
1018 2529 1124 2565 nostram
1137 2521 1271 2566 fluentibus.
1287 2542 1298 2563 »

828 2598 866 2637 27.
885 2591 1017 2638 Periculum
1038 2591 1159 2651 increpuit.
1171 2592 1234 2637 C'est
1253 2594 1275 2637 le
1293 2595 1342 2638 seul

798 2665 906 2724 exemplo
918 2664 948 2708 de
959 2663 1040 2709 Tacite
1055 2663 1085 2708 oia
1100 2667 1223 2724 inerepare
1235 2664 1281 2710 soit
1296 2681 1344 2710 eni-

796 2735 867 2796 ployie
881 2735 1106 2791 intransitivement;
1117 2735 1147 2780 de
1160 2737 1213 2795 plus
1228 2736 1251 2780 la
1266 2735 1343 2782 mlta-

798 2809 871 2866 phore
886 2817 921 2852 cst
941 2807 1114 2852 extremement
1127 2807 1212 2852 bardie
1230 2824 1235 2852 :
1254 2808 1276 2853 le
1294 2819 1343 2854 mot

791 2879 925 2939 perieulum
949 2878 1032 2924 e'veille
1051 2880 1109 2924 dans
1138 2879 1232 2938 l'esprit
1256 2880 1344 2940 d'Aper

796 2950 889 3011 l’image
909 2952 939 2997 de
958 2951 981 2995 la
1003 2967 1097 3010 guerre,
1118 2951 1140 2995 le
1166 2951 1231 2996 broit
1248 2953 1289 2996 des
1306 2968 1344 2996 ar-

796 3039 853 3079 mes,
868 3033 925 3076 ete,
935 3025 965 3068 de
982 3023 1004 3067 la
1023 3022 1136 3083 increpat.
1150 3022 1270 3068 Tite-Live
1283 3024 1344 3068 adit

796 3097 826 3141 de
851 3098 939 3152 menne,
966 3095 1024 3139 mais
1053 3111 1108 3140 avec
1134 3110 1165 3139 uu
1192 3110 1240 3154 peu
1268 3095 1343 3140 moins

797 3167 917 3226 d'audaee,
935 3168 976 3221 lv,
991 3171 1029 3222 43,
1043 3173 1070 3212 lt)
1083 3184 1088 3211 z
1100 3185 1111 3206 u
1121 3167 1190 3211 Unde
1203 3166 1291 3226 siquid
1306 3167 1344 3211 in-

796 3249 878 3299 crepet
896 3237 998 3284 terroris.
1016 3258 1026 3279 ι
1046 3239 1066 3282 ΙΙ
1084 3254 1113 3282 ne
1129 3237 1179 3282 saut
1191 3253 1233 3296 pas
1250 3237 1343 3282 oublier

796 3327 843 3370 que
861 3310 943 3356 Tacite
959 3309 1045 3355 semble
1063 3309 1128 3354 avoir
1142 3308 1224 3360 voulu,
1241 3310 1299 3353 dans
1316 3325 1342 3353 ee

796 3383 900 3427 discours
910 3381 1167 3441 d‘Aper,caraeteriser
1174 3396 1217 3440 par
1227 3381 1343 3441 quelques

796 3452 864 3499 traits
884 3453 905 3497 la
929 3454 1025 3514 vigueur
1047 3463 1071 3497 et
1092 3450 1205 3512 l'tnergie
1222 3468 1251 3496 eu
1264 3452 1342 3497 meme

796 3534 872 3586 temps
892 3541 938 3587 que
957 3525 1109 3570 l’abondauee
1132 3533 1155 3568 et
1173 3522 1343 3582 l'exageratiou

796 3599 825 3642 de
838 3613 879 3642 sou
893 3598 962 3656 style.

827 3676 905 3714 28-29.
917 3670 964 3714 Rea
975 3679 997 3712 et
1002 3667 1223 3728 periclitanti.Sans
1235 3667 1306 3711 doute
1319 3666 1335 3711 il

796 3741 856 3801 yala
863 3739 1051 3799 unpltonasme;
1061 3738 1119 3783 mais
1129 3738 1270 3798 periclitans
1280 3734 1341 3781 n'est

795 3828 837 3872 pas
851 3812 873 3855 le
886 3826 1015 3870 synonyme
1028 3820 1095 3856 exact
1113 3810 1142 3854 de
1155 3826 1225 3860 reus;
1245 3808 1261 3854 il
1275 3807 1341 3853 desi·

796 3899 841 3943 gne
854 3882 984 3944 unUaceuse
1005 3881 1101 3927 menaee
1114 3881 1184 3927 d'une
1197 3881 1340 3926 condamna-

796 3956 846 4001 tion
857 3964 962 4015 pouvant
975 3957 1094 4000 entralner
1110 3954 1132 3999 la
1149 3963 1221 4006 mort,
1239 3969 1269 3998 ou
1289 3962 1341 3997 tout

796 4043 825 4072 au
841 4026 917 4071 moins
927 4028 949 4071 lu
963 4037 1025 4071 mort
1040 4026 1115 4071 civile.

827 4105 865 4144 ³0.
883 4099 938 4144 Sive
962 4098 988 4142 iu
1009 4097 1114 4161 judicio,
1136 4096 1283 4143 e’est-i-dire
1302 4097 1342 4142 de·

794 4181 849 4215 veut
871 4171 892 4216 le
919 4170 1021 4216 tribunal
1042 4171 1083 4216 des
1108 4170 1264 4224 Centumvirs‚
1287 4185 1339 4229 roy.

795 4243 1023 4303 berche-Leclereq,
1036 4258 1086 4287 oue,
1105 4243 1147 4289 eit.
1165 4259 1208 4303 pp.
1223 4247 1339 4287 att-4⁴8,

795 4342 826 4350 —
837 4315 889 4361 Sive
900 4321 925 4361 iu
936 4325 1028 4372 senatu,
1043 4332 1091 4370 ear,
1107 4331 1161 4360 sous
1182 4315 1305 4374 l’Empire,
1318 4312 1340 4357 le

795 4389 861 4434 senat
873 4388 931 4434 etait
944 4404 988 4433 uue
1000 4387 1113 4433 vtritable
1126 4389 1191 4433 Cour
1202 4385 1304 4446 d'dppel
1312 4401 1340 4428 au

794 4460 859 4515 civil,
868 4477 898 4505 ou
911 4461 987 4506 meme
999 4477 1044 4506 une
1056 4462 1133 4504 Haute
1149 4460 1219 4513 Cour,
1233 4458 1311 4518 quand
1323 4455 1340 4506 il

794 4532 910 4591 s'agissait
920 4535 950 4578 de
962 4537 1084 4577 eonnaltre
1098 4532 1140 4576 des
1153 4530 1238 4575 crimes
1253 4530 1282 4572 dc
1293 4543 1341 4571 ma-

792 4603 854 4664 jeste
869 4620 899 4648 ou
915 4606 945 4649 de
953 4606 1023 4664 juger
1033 4605 1066 4648 les
1079 4602 1198 4648 membres
1212 4599 1241 4644 de
1254 4597 1339 4643 l’ordre

794 4674 929 4720 sluatorial.
