3196 5256
372 463 597 534 DIALOGUS
623 475 679 532 DE
706 473 1003 539 ouaroutsus,
1032 468 1047 553 ἓ
1070 475 1120 533 16.
1284 477 1321 534 59

177 608 242 708 qui
267 623 386 707 postea
408 609 559 706 fuerunt,
583 622 880 705 posse-oratorem
905 604 1034 691 vocari,
1061 632 1258 701 quanquam
1284 607 1320 679 iu

175 753 297 824 magna
316 742 413 823 parte
435 726 603 796 librorum
623 750 764 795 suorum
787 725 864 820 plus
887 722 937 792 vis
962 722 1085 793 habeat
1111 750 1214 819 quam
1241 751 1320 797 sau-

175 843 299 940 guinis.
321 843 457 913 Primus
477 840 569 913 enim
589 855 788 936 contempto
808 840 930 911 ordine
951 866 1080 928 rerum,
1102 842 1225 913 omissa
1247 869 1318 914 mo·

175 960 282 1033 destia
298 986 336 1031 ac
354 960 488 1056 pudore
503 961 701 1046 verborum,
726 956 807 1052 ipsis
827 957 929 1027 etiam
947 957 1071 1054 quibus
1088 958 1197 1030 utitur
1217 959 1319 1030 armis
1339 985 1373 1037 20

174 1077 421 1174 incompositus
446 1091 480 1148 et
504 1075 616 1146 studio
642 1073 788 1146 feriendi
814 1075 1019 1170 plerumque
1049 1076 1214 1169 dejectus,
1247 1104 1319 1148 non

173 1210 317 1292 pugnat,
345 1193 405 1266 sed
431 1194 573 1265 rixatur.
601 1196 778 1292 Ceterum,
805 1207 844 1262 ut
868 1191 949 1278 dixi,
977 1193 1199 1289 sequentibus
1227 1221 1316 1265 com·

175 1325 312 1407 paratus
341 1325 375 1381 et
404 1310 567 1385 varietate
603 1308 806 1381 eruditionis
835 1324 870 1380 et
899 1310 1017 1405 lepore
1050 1309 1252 1381 urbanitatis
1285 1326 1320 1381 et

175 1427 326 1524 ipsarum
349 1426 486 1498 virium>
503 1430 629 1498 robore
650 1428 796 1497 multum
820 1443 953 1498 ceteros
985 1443 1134 1524 superat,
1170 1454 1318 1524 quorum

173 1545 347 1616 neminem
377 1549 471 1641 Aper
486 1545 665 1616 nominare
683 1562 718 1616 et
740 1547 835 1616 velut
856 1547 891 1615 iu
916 1547 1022 1618 aciem
1048 1549 1197 1619 educere
1215 1549 1317 1619 susti-
1338 1574 1370 1627 25

172 1661 258 1731 nuit.
286 1665 361 1759 Ego
379 1676 493 1732 autem
511 1664 761 1758 exspectabam,
786 1676 825 1732 ut
849 1661 1006 1733 incusato
1027 1663 1144 1733 Asinio
1163 1680 1197 1735 et
1211 1665 1317 1735 Caelio

172 1795 207 1849 et
236 1781 343 1849 Calvo
374 1778 467 1849 aliud
499 1779 598 1849 nobis
633 1804 757 1875 agmen
787 1779 1009 1873 produceret,
1046 1781 1231 1876 pluresque
1262 1783 1316 1852 vel

173 1912 266 1966 certe
287 1888 432 1966 totidem
451 1896 657 1982 nominaret,
677 1922 718 1966 ex
738 1896 862 1990 quibus
884 1895 989 1965 alium
1010 1896 1185 1983 Ciceroni,
1213 1897 1315 1968 alium

88 2073 99 2088 .
172 2011 310 2099 Caesari,
337 2012 479 2110 singulis
497 2012 621 2083 deinde
653 2013 804 2109 singulos
833 2037 1099 2108 opponeremus.
1131 2015 1234 2084 Nunc
1253 2015 1316 2086 de·

171 2144 333 2202 trectasse
356 2129 559 2200 nominatim
578 2128 735 2225 antiquos
758 2146 912 2201 oratores
935 2144 1116 2201 contentus
1142 2131 1315 2204 neminem
1334 2159 1369 2214 30

170 2247 387 2343 sequentium
411 2247 551 2318 laudare
575 2273 675 2317 ausus
698 2263 749 2318 est
768 2247 833 2318 nisi
858 2247 893 2316 in
917 2247 1095 2343 publicum
1115 2264 1150 2319 et
1168 2248 1203 2319 in
1219 2275 1314 2320 com-

199 2500 349 2547 Vssrsurss.
362 2525 393 2536 -·
405 2506 444 2545 st.
458 2500 535 2545 studio
548 2499 619 2544 (3111..-
632 2499 715 2545 studiis
729 2515 784 2544 mss.
792 2513 802 2557 ,¹
815 2500 920 2560 dejectus
933 2502 958 2547 V
957 2504 976 2546 L
987 2519 994 2546 .·
1007 2501 1117 2545 devectus
1133 2501 1174 2546 vr.
1183 2526 1214 2536 -
1228 2508 1266 2548 26.
1280 2501 1314 2548 in-

168 2582 248 2619 cusato
260 2573 306 2618 vr:
321 2572 427 2619 incurato
439 2574 489 2620 Vt.
502 2598 534 2608 -
546 2579 585 2619 29.
598 2572 664 2618 Nune
677 2571 818 2620 stamius.-
832 2587 879 2616 non
891 2587 945 2617 mss.

167 2743 215 2792 Pis.
230 2752 270 2802 ³6,
285 2752 314 2790 89
329 2760 335 2791 z
352 2764 363 2787 a
378 2745 437 2790 Cum
452 2743 497 2791 1313
512 2743 599 2790 teneris
613 2745 710 2790 saltato-

165 2818 237 2863 ribus.
255 2836 266 2859 3

197 2896 235 2936 to.
252 2889 298 2937 Vis
311 2899 346 2934 est
360 2886 450 2948 opposs's
465 2889 477 2932 a
492 2886 624 2949 sauguinis,
640 2904 710 2948 parce

165 2962 235 3022 qu'en
251 2977 341 3007 somme
356 2960 448 3007 CassIus
465 2964 563 3008 Severus
580 2960 642 3006 avait
658 2960 711 3020 plus

165 3033 284 3095 d'e'rnergie
295 3049 340 3095 que
349 3033 480 3096 derigueur
490 3030 572 3079 reelle.
581 3034 649 3079 Cette
657 3031 710 3077 idte

164 3116 199 3151 est
212 3105 330 3151 d'ailleurs
345 3104 470 3166 expliquer
484 3120 529 3166 par
542 3104 576 3148 les
591 3113 651 3149 mots
666 3120 709 3148 ar-

163 3176 207 3222 mis
223 3175 384 3239 incompositus
403 3186 424 3221 et
442 3175 518 3222 studio
528 3174 640 3236 serietsdi
652 3176 709 3238 ple-

162 3265 259 3310 rumque
275 3247 387 3309 depectus,
398 3249 438 3309 qui
453 3263 477 3292 se
489 3257 598 3293 trouvent
615 3247 671 3292 dans
687 3248 709 3292 13

163 3320 249 3378 phrase
263 3319 376 3364 suivante.
389 3318 483 3381 L'dloge
498 3328 533 3363 est
543 3320 605 3374 ¹done
619 3319 709 3380 corrige

163 3406 261 3452 paruus
271 3390 404 3436 restrictiori
418 3390 569 3451 importante.
581 3416 612 3425 -
626 3393 657 3435 Le
671 3390 710 3450 ge-

163 3461 220 3508 31111
229 3461 263 3507 vis
272 3463 331 3507 n'est
342 3478 384 3522 pas
402 3477 453 3506 sans
470 3462 578 3521 exemple
593 3476 623 3505 en
636 3462 709 3518 latin;

163 3533 193 3579 ef.
205 3536 271 3579 Varr.
284 3537 310 3579 L.
324 3536 352 3579 t.
364 3535 432 3588 VIII,
446 3540 468 3589 2,
483 3539 504 3578 7.

196 3612 279 3652 {9-20.
298 3605 389 3653 Omissa
398 3605 510 3650 nwdestia
524 3621 552 3650 ((3
556 3606 646 3668 pudore
655 3621 707 3651 ver-

164 3678 250 3736 borum,
263 3678 363 3724 allusion
371 3679 383 3723 'a
392 3679 414 3723 la
425 3688 508 3723 nature
522 3678 595 3722 deses
605 3676 708 3737 plaisan·

163 3750 243 3806 terics,
259 3751 300 3812 qui
319 3761 361 3796 ont
379 3748 472 3810 ehoqur's
496 3765 538 3794 son
558 3747 708 3810 panegyristae

163 3821 293 3879 lui-meme,
308 3821 416 3884 Seneque
432 3823 454 3867 le
471 3820 579 3878 rheteur3
597 3819 627 3865 cf.
646 3825 708 3869 Cou-

162 3902 219 3939 1333.
234 3895 275 3940 III.
287 3895 361 3955 Praef.
373 3899 395 3940 I.

194 3971 232 4011 20.
250 3969 339 4021 Armis,
355 3981 381 4010 33
392 3975 444 4011 3331
457 3967 491 4011 les
506 3981 580 4011 armes
591 3983 636 4028 que
649 3976 708 4011 met-

163 4046 214 4082 1331
228 4038 240 4080 a
255 4037 276 4082 la
291 4037 432 4099 disposition
441 4038 471 4083 de
481 4038 593 4084 l’orateur
605 4039 638 4084 les
653 4054 708 4083 con·

163 4109 293 4154 naissances
308 4109 446 4171 techniques
465 4110 525 4155 aussi
544 4109 600 4155 bien
620 4126 665 4171 que
684 4111 707 4155 le

162 4179 704 4239 1313313313331.Ρ3331’31113111,31.(1313111,

164 4260 186 4309 5,
201 4260 229 4300 10
241 4271 246 4299 :
259 4254 451 4314 «Incompositus
464 4253 575 4299 moribus.
591 4272 602 4295 n

193 4333 231 4371 21.
250 4325 425 4388 [compositum
437 4340 508 4385 parce
524 4325 580 4386 qu'il
592 4340 621 4370 ne
634 4313 707 4370 saiait

162 4413 204 4458 pas
216 4398 323 4459 disposer
334 4397 542 4444 couveuablement
552 4413 588 4441 ses
600 4409 706 4457 moycns.

162 4494 194 4504 -
204 4470 346 4534 Plerumque
356 4470 396 4533 (=
404 4468 470 4533 saepe)
478 4485 484 4527 5
492 4467 522 4514 cI.
530 4469 567 4513 eh.
575 4483 616 4531 xv,
629 4475 665 4514 14.
677 4496 708 4505 -

161 4567 193 4576 -
204 4539 322 4603 ch’eetus.
334 4541 497 4603 L'expression
506 4539 625 4600 complete
637 4542 709 4587 serait

162 4611 265 4676 dejectus
279 4614 307 4658 de
321 4615 399 4674 gradu
413 4630 443 4658 ou
458 4614 486 4658 de
499 4623 576 4666 stam,-
599 4611 629 4658 cf.
646 4613 708 4668 Cic,

162 4687 191 4730 de
204 4685 259 4747 Off.
276 4687 296 4742 I,
318 4691 357 4742 23,
375 4691 422 4731 80:
440 4687 511 4731 (1133
525 4686 707 4732 tumultuantem

765 2744 795 2788 (Ie
805 2745 877 2805 gradu
890 2744 974 2804 dejicl3
986 2762 997 2784 u
1010 2745 1078 2789 Orat.
1098 2749 1137 2802 37,
1156 2751 1216 2791 1291
1234 2765 1245 2786 ((
1262 2746 1312 2791 Αδ-

765 2836 776 2858 a
794 2817 907 2862 versarios
928 2818 958 2861 de
980 2825 1042 2860 statu
1063 2816 1126 2861 omui
1149 2816 1311 2876 dejecimus.»

765 2889 829 2935 C’est
856 2905 900 2934 une
932 2888 1071 2948 metaphore
1100 2888 1239 2948 emprunts'se
1268 2906 1312 2934 aux

764 2962 868 3006 combats
888 2962 917 3006 de
937 2961 1088 3022 gladiateurs,
1102 2961 1159 3005 dans
1174 2961 1278 3022 lesquels
1294 2962 1310 3006 il

764 3033 878 3094 s’agissait
898 3034 927 3078 de
948 3032 1008 3079 saise
1030 3033 1132 3090 tomber,
1152 3033 1182 3078 de
1204 3033 1312 3078 eulbuter

764 3121 807 3150 son
819 3106 959 3153 adversaire.

795 3183 833 3222 22.
852 3180 967 3234 Ceterum,
979 3177 1046 3233 mais,
1061 3176 1156 3223 ramese
1177 3178 1200 3222 le
1219 3177 1310 3222 lecteur

763 3249 776 3293 3
799 3248 821 3293 13
844 3265 961 3308 personne
982 3251 1011 3294 dc
1031 3250 1123 3295 Cassius
1146 3251 1252 3294 Severus.
1271 3248 1308 3295 cf.

763 3323 839 3365 Germ.
856 3327 885 3366 ts
904 3339 910 3367 z
930 3342 941 3363 (ι
957 3321 1135 3367 Valentissimss
1150 3317 1250 3385 (gentes)
1265 3336 1308 3364 uo·

763 3392 862 3437 minasse
885 3391 993 3449 sufficiet,
1013 3393 1105 3449 Harios,
1126 3392 1307 3439 Helvecomas...

763 3463 874 3509 Ceterum
893 3465 988 3510 113311...
1006 3483 1017 3506 a
1033 3491 1064 3499 —
1078 3463 1232 3526 Sequentibus
1246 3479 1306 3508 eom-

758 3546 869 3597 paratus,
880 3552 919 3581 ear
932 3536 948 3581 il
963 3553 978 3596 y
989 3540 1004 3580 'a
1021 3553 1049 3582 eu
1062 3535 1194 3580 uncertain
1210 3535 1307 3580 nombre

763 3607 893 3653 d’orateurs
919 3606 1001 3666 depuis
1024 3607 1135 3667 l’cpoquc
1162 3607 1191 3651 de
1216 3606 1307 3651 Cassius

763 3681 861 3725 Severus
871 3679 963 3739 jusqu'a
978 3679 1037 3722 celle
1049 3678 1079 3722 de
1091 3677 1181 3727 Tacite.

794 3756 832 3796 24.
851 3753 952 3803 Ceteros,
972 3750 1052 3795 3.-11-(1.
1074 3759 1126 3794 tous
1147 3749 1180 3794 les
1203 3758 1307 3795 orateurs

762 3824 896 3878 modernos,
906 3820 984 3881 parmi
994 3821 1097 3882 lesquels
1108 3820 1199 3866 Cassius
1209 3825 1307 3869 Severus

763 3905 798 3940 est
808 3893 881 3939 choisi
891 3909 983 3938 comme
996 3893 1114 3953 exempla.
1172 3927 1178 3937 .

794 3973 832 4011 29.
851 3969 1027 4028 opponeremus.
1038 3968 1102 4026 Aper
1112 3965 1187 4010 aursit
1197 3965 1228 4009 du
1240 3964 1306 4010 choi-

763 4039 794 4084 sir
808 4038 885 4098 parmi
899 4038 933 4083 133
947 4047 1053 4083 oratems
1068 4036 1258 4096 contemporains
1274 4038 1308 4083 les

762 4112 815 4171 plus
840 4109 979 4166 renomme'ss,
995 4125 1054 4154 ceux
1076 4108 1134 4169 qu'il
1156 4109 1247 4168 jugcait
1268 4109 1307 4154 di-

763 4199 818 4244 gnes
837 4181 911 4227 d’dtrc
932 4179 1056 4241 opposita
1072 4179 1171 4226 Ciciron
1188 4191 1212 4226 et
1233 4182 1245 4225 a
1265 4181 1308 4227 ct-

763 4271 809 4310 sar,
825 4264 889 4298 etue
902 4270 944 4314 pas
956 4270 980 4298 se
994 4263 1120 4298 contester
1131 4253 1161 4298 dc
1176 4253 1307 4313 triomplrcr

761 4325 896 4371 facilement
918 4325 1033 4371 d'ilsinius
1055 4325 1156 4381 Pollion,
1174 4325 1203 4370 de
1223 4326 1306 4372 Caelius

762 4399 830 4444 etde
845 4400 937 4456 Calvus,
949 4397 998 4458 qui,
1013 4413 1074 4457 pour
1089 4396 1217 4458 distingus'ss
1237 4397 1305 4458 qu’ils

762 4471 847 4528 soient,
858 4487 888 4516 ue
900 4481 952 4517 sont
962 4486 1005 4530 pas
1016 4470 1094 4530 parmi
1103 4472 1137 4515 les
1147 4471 1198 4529 plus
1210 4469 1302 4530 grands.

793 4548 831 4588 31.
849 4546 878 4589 In
885 4542 1005 4605 publicum
1016 4553 1038 4586 et
1049 4541 1074 4587 in
1083 4555 1304 4597 commune,commc

761 4630 819 4659 nous
828 4616 905 4660 disons
913 4613 1063 4675 enlranqais:
1075 4634 1086 4655 (ι
1099 4629 1127 4658 33
1138 4610 1232 4673 gdndral
1244 4621 1267 4656 et
1276 4627 1304 4656 en

763 4701 872 4733 masse.»
