3196 5256
250 456 267 510 4
633 456 836 511 CORNELtt
865 458 1008 512 'l‘atlt'l'l

250 587 394 671 eundus,
415 586 637 656 celeberrima
660 602 728 655 tum
752 588 889 683 ingenia
909 588 974 656 l'ori
991 589 1110 674 nostri,
1135 616 1220 682 quos
1239 616 1303 685 ego
1323 616 1394 658 nou

250 704 285 772 in
307 703 444 798 judiciis
481 705 582 772 modo
612 720 775 799 utrosque
805 707 955 776 studiose
984 707 1176 793 audiebam,
1212 708 1271 778 sed
1301 709 1393 775 domi

250 845 388 914 quoque
409 833 443 887 et
465 817 499 886 iu
517 820 656 914 publieo
676 822 868 889 asseetalrar
888 821 973 889 mira
994 823 1186 890 studiorum
1206 823 1394 918 eupiditate

249 951 283 1004 et
300 936 449 1030 quodam
467 935 590 1004 ardore
605 937 761 1028 juvenili,
781 951 819 1004 ut
836 937 966 1005 fabulas
982 964 1121 1033 quoque
1140 965 1260 1007 eorum
1278 954 1313 1009 et
1328 938 1393 1008 dis·

197 1079 228 1131 10
249 1051 442 1145 putatioues
471 1066 506 1120 et
531 1077 653 1120 areana
676 1067 812 1121 semotae
838 1053 997 1122 dictionis
1022 1055 1158 1148 penitus
1182 1055 1388 1150 exciperem,

248 1167 402 1262 quamvis
421 1168 568 1262 maligne
584 1169 740 1263 plerique
761 1169 997 1264 opinarentur,
1017 1197 1081 1239 nee
1102 1173 1262 1241 Secundo
1278 1197 1391 1267 prom-

247 1299 345 1379 ptum
361 1309 433 1353 esse
451 1309 645 1353 sermonem
661 1299 695 1354 et
711 1289 842 1379 Aprum
862 1286 1002 1382 ingenio
1019 1287 1133 1382 potius
1154 1303 1188 1358 et
1211 1289 1243 1355 vi
1262 1303 1391 1357 uaturae

248 1426 351 1496 quam
366 1400 579 1469 institutione
595 1415 629 1470 et
646 1401 767 1470 litteris
786 1402 909 1472 famam
926 1404 1131 1497 eloquentia
1152 1420 1387 1475 consecutum.

247 1520 337 1588 Nam
353 1532 386 1586 et
402 1517 562 1586 Secundo
578 1543 684 1611 purus
700 1533 735 1587 et
749 1545 885 1613 pressus
901 1535 946 1604 et,
967 1520 1002 1587 in
1022 1535 1188 1615 (plantum
1209 1522 1287 1590 satis
1304 1537 1387 1607 erat,

195 1658 225 1710 15
246 1633 420 1728 profluens
441 1659 553 1703 sermo
579 1660 649 1702 non
674 1633 794 1720 defuit,
817 1651 852 1705 et
874 1638 967 1730 Aper
990 1637 1082 1705 omni
1108 1637 1301 1707 eruditione
1325 1639 1391 1706 im-

245 1751 347 1820 butus
377 1751 619 1820 contemnebat
646 1752 760 1845 potius
795 1752 925 1822 litteras
960 1779 1061 1847 quam
1099 1753 1285 1841 nesciebat,
1319 1770 1389 1824 tau·

275 1975 423 2020 viarm-res.
438 1998 469 2007 -
483 1974 513 2017 Il.
529 1979 550 2016 6.
565 1973 628 2030 Quos
642 1987 685 2033 ego
698 1972 780 2017 nonin
793 1972 886 2032 judiciis
900 1973 970 2019 modo
983 1984 1095 2035 utrosque
1112 1974 1244 2036 Nipperdey
1249 1995 1258 2029 ,·
1271 1992 1330 2036 quos
1348 1994 1392 2039 ego

246 2044 269 2090 iu
283 2045 379 2105 judiciis
394 2060 441 2089 nou
459 2054 571 2103 utrosque
590 2045 659 2088 modo
679 2059 741 2101 nars‚'
757 2060 816 2104 quos
835 2062 879 2106 ego
895 2056 1006 2105 utrosque
1024 2062 1071 2090 nou
1085 2046 1110 2090 in
1123 2046 1219 2105 judiciis
1234 2048 1305 2091 modo
1317 2048 1391 2093 Seiro-

242 2134 288 2177 pen
296 2138 305 2170 ‚·
319 2113 449 2179 [utrosque]
464 2116 547 2169 Ilitter,
563 2115 643 2159 llnlrn.
659 2141 690 2150 —-
704 2123 730 2160 ta
745 2117 808 2161 omui
823 2119 844 2161 F
849 2136 858 2169 ,·
870 2125 899 2160 σι’(
912 2119 937 2164 V
937 2119 957 2161 L
971 2133 990 2162 v.

275 2191 324 2233 tte.
340 2195 362 2232 7.
380 2190 411 2232 La
426 2187 492 2246 plaee
509 2186 601 2231 (Ιοιιιιὲσ
614 2189 625 2230 a
639 2197 747 2248 utresque
764 2187 854 2248 parles
872 2204 964 2234 mss.ue
983 2188 1015 2233 lui
1034 2190 1142 2235 convient
1160 2189 1317 2236 evidemment
1334 2207 1391 2252 pas3

245 2276 284 2304 ear
296 2261 316 2305 la
329 2260 415 2320 phrase
429 2275 457 2303 eu
471 2259 544 2317 reqoit
555 2274 601 2303 une
615 2259 687 2304 allnre
701 2259 741 2317 (μιί
754 2260 813 2304 u’est
827 2261 877 2304 rien
889 2261 963 2305 moins
977 2277 1022 2322 (μισ
1035 2261 1117 2306 latine.
1133 2263 1165 2307 ce
1179 2263 1238 2308 u’est
1253 2279 1294 2323 pas
1307 2280 1392 2324 cepon-

245 2331 302 2375 daut
317 2345 361 2374 une
375 2330 453 2374 raison
465 2328 584 2374 sul'srsaute
599 2344 660 2388 pour
676 2329 810 2388 supprimet·
824 2346 879 2374 avec
893 2331 972 2376 ltiuer
987 2347 1016 2375 (ιιι
1035 2340 1085 2376 mot
1101 2347 1147 2392 que
1168 2334 1272 2378 douuent
1287 2343 1339 2378 tous
1358 2335 1391 2378 les

245 2417 298 2446 mss.
311 2411 335 2446 et
347 2403 405 2447 dont
421 2418 450 2446 οιι
464 2399 595 2461 s’explique
612 2399 775 2445 dillirilemeut
788 2400 927 2448 l'iutrusion.
944 2403 962 2446 ll
975 2412 1030 2447 rsut
1042 2403 1120 2447 nileux
1134 2392 1233 2463 adoptet
1245 2406 1266 2448 la
1281 2415 1392 2465 transpo-

245 2473 314 2519 sition
324 2474 354 2519 de
368 2472 512 2534 Nipperdey,
521 2471 561 2532 qui
573 2470 678 2516 raritate
692 2489 720 2517 au
733 2471 844 2517 ‹ltsordre
857 2475 888 2518 du
901 2483 966 2518 texte
980 2473 1142 2530 tradinonnet,
1153 2485 1205 2520 tout
1217 2492 1246 2520 σιι
1256 2491 1285 2520 en
1300 2492 1391 2537 respec-

244 2556 294 2592 tant
306 2547 339 2591 les
351 2556 445 2591 termes.
461 2547 539 2603 Quant
552 2543 673 2604 aupluriel
687 2548 786 2605 utrique,
807 2545 837 2589 el'.
856 2547 911 2589 Τιισ.
933 2546 1038 2591 Αιιιιιιίσς
1053 2548 1095 2601 Xl,
1111 2548 1205 2603 l;XH‚
1220 2553 1263 2602 ltu
1279 2550 1330 2604 XV,
1344 2554 1369 2592 41
1384 2565 1389 2604 ;

167 2660 171 2669 ,
246 2619 638 2675 oo;sa;7t;xvt,7;tt;2t.
1154 2631 1158 2639 ¹

244 2788 359 2848 plusieurs
371 2786 415 2832 sois
426 2784 515 2848 (Instit.
528 2803 570 2842 or.‚
589 2790 635 2847 Xl,
647 2792 705 2842 ⁴203
717 2793 740 2846 3,
751 2793 788 2841 l2;

242 2862 299 2923 ΧΠ,
314 2866 352 2916 tn,
371 2859 419 2917 Η),
434 2868 458 2902 et
470 2873 498 2903 eu
514 2867 601 2902 termes
613 2858 746 2913 touchants,
760 2859 789 2902 de

244 2942 282 2976 ret
297 2941 391 2975 orateur
406 2928 533 2989 distingui,
552 2929 593 2989 (μιι
608 2929 643 2973 fut
659 2945 689 2973 (ιιι
709 2931 739 2975 de
754 2945 789 2974 ses

245 3001 301 3046 niuis
312 3001 402 3045 fideles.
417 3000 491 3045 Julius
505 3001 624 3046 Securulns
643 2998 701 3043 etnit
713 3001 735 3044 le
751 3016 791 3043 ne·

245 3089 287 3118 reu
300 3081 324 3116 et
335 3073 357 3116 le
368 3072 466 3131 disciple
479 3072 510 3116 du
523 3069 616 3115 ct'rl'ebre
631 3081 725 3115 orateur
734 3087 790 3131 gau-

244 3144 288 3190 lois
297 3148 308 3189 J
312 3144 370 3188 ulius
380 3145 469 3189 Florus.
480 3146 543 3188 Nous
552 3158 632 3188 savons
644 3142 699 3202 qu'il
713 3142 790 3187 s'ttait

244 3216 325 3263 exeret·
340 3218 429 3261 dansle
446 3232 516 3275 genre
532 3214 671 3275 liistorique,
688 3232 718 3260 eu
731 3215 789 3259 ecri-

244 3299 298 3334 rant
305 3290 327 3332 la
338 3288 475 3349 biograpliie
484 3274 539 3331 d'tiu
548 3296 612 3330 autre
622 3287 727 3347 Gaulois,
739 3303 790 3331 ora·

244 3371 296 3406 tour
308 3359 400 3405 eelelno
414 3358 483 3418 aussi,
495 3359 568 3403 Julius
581 3357 712 3403 Africanus.
728 3359 790 3403 C'est

244 3448 295 3477 sans
308 3433 379 3476 doute
393 3433 404 3474 it
419 3431 451 3474 lui
468 3447 513 3490 (μισ
529 3432 656 3490 l‘lutarque
673 3429 715 3474 fait
733 3431 790 3474 ullu-

244 3503 302 3558 sion,
328 3518 357 3547 eu
376 3502 449 3547 citant
468 3518 502 3546 ses
525 3516 615 3546 sources
631 3517 691 3559 pour
710 3502 732 3544 la
753 3501 789 3545 rie

244 3572 347 3619 d'ottmn
363 3571 446 3634 (rtur,
466 3571 550 3624 (ntea,
568 3578 594 3615 9:
618 3569 755 3627 Σεκοῦνδος
777 3570 789 3618 ό

245 3641 327 3710 ῥήτωρ
343 3644 441 3694 ἐπὶτῶν
457 3644 594 3694 ἐπιστολῶν
606 3639 734 3704 γενόμενος
746 3644 789 3691 τοῦ

243 3715 375 3778 Ὄθωνος).
396 3718 414 3761 ll
429 3716 505 3761 aurait
525 3717 585 3760 done
603 3713 640 3758 lte
658 3714 713 3760 eliel
725 3715 753 3759 de
768 3715 789 3758 la

244 3788 399 3835 chaueellerie
423 3787 546 3848 imperiale
568 3803 620 3831 sons
640 3786 727 3831 Otlron.
753 3788 789 3831 Eu

245 3870 296 3906 tout
308 3877 346 3907 cas
360 3861 377 3905 il
389 3871 482 3906 mourut
494 3859 541 3904 fort
552 3859 632 3918 jeuue.

276 3939 338 3978 9-10.
353 3936 373 3978 F
375 3933 457 3979 atritas
465 3930 560 3991 (lisignis
572 3931 604 3975 les
617 3931 789 3976 conversations

244 4002 379 4064 famttttres,
403 4002 580 4064 disputationes,
603 4003 636 4046 les
663 4003 790 4048 eutretieus

245 4074 335 4119 sirieux
354 4077 385 4119 ou
409 4076 456 4120 l¹ou
473 4074 562 4118 discute
581 4089 624 4117 une
647 4073 790 4134 importante

246 4147 363 4206 (prestiou,
378 4164 469 4192 ronime
482 4149 541 4192 celle
553 4147 594 4206 qni
610 4145 652 4190 luit
667 4147 750 4205 l’objet
761 4148 789 4190 de

245 4228 312 4262 notre
328 4218 451 4278 Dialogue.
466 4219 533 4264 Enim
546 4233 685 4277 punierunt
701 4227 790 4261 senione

245 4287 354 4333 dictioru's
364 4290 491 4348 j’enteuds‚
505 4306 597 4334 eotiime
610 4290 741 4342 ilndresem
752 4304 790 4333 ees

246 4372 320 4406 sortes
344 4362 373 4404 de
394 4361 532 4421 repetitions
558 4377 604 4420 (μισ
627 4362 660 4404 les
684 4370 789 4404 orateurs

245 4431 372 4478 tlonuaieut
385 4433 413 4476 de
427 4434 488 4477 leurs
500 4432 612 4495 discours,
632 4441 701 4475 irritat
715 4432 743 4474 de
756 4431 789 4475 les

246 4520 378 4565 prononcer
395 4521 423 4548 eu
441 4504 528 4564 public,
549 4506 561 4547 a
585 4520 614 4547 nu
632 4503 695 4563 petit
714 4504 789 4548 rerele

246 4575 328 4621 (l'amis
350 4577 451 4630 intimes,
478 4575 576 4619 irlnires
597 4586 620 4620 et
642 4574 728 4619 elioisis
748 4573 788 4634 (rl',

245 4650 282 4695 cn.
303 4665 356 4706 xiv,
372 4650 403 4711 b).
415 4649 455 4712 ‚tls
473 4647 596 4708 poutaient
616 4646 673 4692 ainsi
691 4648 790 4708 profiter

845 2779 874 2824 de
888 2779 948 2824 letus
964 2780 1019 2824 avis
1035 2784 1079 2826 Cet
1095 2780 1200 2826 exercit-c
1219 2780 1297 2826 fnisait
1315 2783 1390 2842 partie

845 2851 874 2895 de
894 2867 919 2896 ce
937 2868 983 2912 (μισ
998 2852 1079 2897 'l'aeite
1094 2853 1189 2912 appelle
1202 2853 1391 2898 declamatorium

844 2921 944 2966 studiant
955 2921 1031 2986 (Diat.
1040 2938 1084 2969 xiv
1094 2923 1174 2986 med).
1185 2925 1294 2970 D’autres
1305 2923 1389 2985 (parmi

845 2994 948 3054 lesquels
971 2997 997 3039 C.
1016 2993 1097 3057 Peter)
1115 2996 1254 3056 expliqueut
1271 2996 1327 3057 qu'il
1344 2997 1390 3042 s’a-

845 3065 879 3123 git
901 3064 931 3108 ici
949 3065 990 3108 des
1011 3066 1111 3110 secretos
1134 3067 1279 3112 conlidenees
1303 3067 1389 3113 echan·

845 3135 899 3196 goes
923 3151 966 3196 par
986 3138 1020 3181 les
1037 3138 1099 3182 deux
1118 3138 1176 3183 amis
1193 3140 1251 3184 daus
1265 3140 1317 3184 leur
1333 3140 1389 3185 iuti·

845 3207 911 3252 mitt.
930 3210 961 3252 Le
984 3224 1036 3252 sens
1058 3210 1089 3253 du
1110 3220 1161 3254 mot
1185 3209 1257 3254 dr'ett'o
1277 3227 1301 3255 se
1323 3213 1390 3271 prete

845 3280 929 3332 moins,
941 3279 958 3324 il
975 3296 1012 3325 me
1029 3281 1127 3335 semble,
1143 3280 1155 3325 it
1172 3291 1233 3327 cette
1249 3282 1391 3341 etlilication

846 3353 898 3412 qu'it
911 3353 934 3396 la
944 3352 1071 3411 premiere.

877 3430 914 3468 tt.
937 3422 1049 3487 Plerique
1070 3442 1083 3469 a
1104 3426 1161 3470 ‹ltius
1186 3425 1276 3481 Tacite,
1299 3442 1390 3471 comme

845 3498 901 3540 ilaus
913 3497 948 3541 les
961 3508 1056 3543 auteurs
1071 3499 1100 3544 de
1120 3497 1241 3559 sepeque,
1258 3500 1279 3544 le
1295 3514 1346 3544 sens
1360 3500 1390 3543 de

846 3568 897 3612 tien
911 3569 950 3612 des
965 3585 1030 3627 gens.

877 3646 914 3685 tt.
932 3643 991 3686 Itum
1012 3641 1122 3700 deprivant
1135 3641 1164 3687 iei
1182 3645 1193 3686 ι’(
1209 3653 1278 3688 notre
1295 3658 1390 3701 etpres—

845 3712 895 3757 siou
905 3728 933 3756 en
945 3711 1044 3766 re'nlite',·
1053 3715 1073 3757 la
1083 3714 1197 3772 particule
1210 3714 1318 3775 exlilique
1330 3713 1390 3758 l'ad·

845 3784 913 3829 verbe
921 3783 1025 3844 rnnligne
1034 3786 1062 3830 de
1071 3786 1091 3829 la
1100 3787 1184 3845 phrase
1193 3784 1344 3846 precedente.
1359 3810 1390 3819 -

845 3859 922 3902 Purus
930 3855 1126 3915 signillerorreet,·
1135 3856 1165 3902 ef.
1175 3857 1223 3904 cic.
1231 3858 1259 3901 de
1268 3859 1337 3904 Orat.
1344 3859 1388 3912 ΙΙΙ,

844 3936 867 3981 8,
882 3935 927 3973 2⁰:
943 3948 953 3969 n
965 3932 1021 3985 Qnae
1036 3927 1123 3988 (oratio
1133 3927 1220 3992 Catuli)
1235 3939 1269 3973 est
1282 3927 1389 3989 parneio,

845 4010 868 4044 ut
882 4000 953 4045 latine
967 4000 1032 4060 loqui
1050 4018 1116 4061 ptrue
1130 4004 1193 4046 solus
1205 3999 1320 4050 videntur.
1335 4020 1346 4042 o
1359 4024 1391 4034 -

844 4075 940 4117 Pressas
952 4072 1070 4133 (lisignoli
1087 4075 1107 4118 la
1122 4073 1164 4117 sois
1177 4073 1198 4117 la
1209 4071 1313 4117 sobriite'·
1326 4082 1351 4117 et
1367 4072 1390 4115 lu

844 4143 960 4203 precisiou
973 4147 1002 4189 de
1021 4145 1188 4206 l'expression5
1206 4144 1236 4190 el.
1258 4143 1306 4190 cic.
1320 4147 1388 4189 Brut.

845 4222 882 4278 55,
891 4221 944 4270 201,
957 4227 980 4261 et
994 4217 1093 4273 Quintil.
1101 4216 1247 4262 Instit.0rnt.
1256 4218 1295 4267 Ν,
1305 4222 1328 4266 ’2,
1338 4221 1344 4258 Ι
1353 4219 1388 4258 tt.

876 4294 913 4334 ts.
928 4288 1062 4348 I’rollnens,
1080 4288 1184 4346 conlnnt,
1204 4286 1284 4349 facile,
1299 4285 1389 4346 rt'epond

844 4374 873 4403 au
890 4359 1004 4417 reproclie
1024 4370 1125 4406 couteuu
1142 4361 1199 4404 daus
1220 4361 1254 4404 les
1269 4369 1330 4403 mots
1349 4372 1390 4401 nee

842 4441 1009 4491 promptiora...
1025 4448 1072 4476 esse
1084 4448 1209 4476 sermonem
1224 4431 1289 4475 dela
1305 4429 1390 4489 phrase

844 4500 988 4560 prircideute

879 4581 913 4618 to.
943 4575 1046 4619 Irnbntns
1070 4576 1177 4637 s'oppose
1195 4593 1224 4621 en
1241 4574 1302 4621 latin
1318 4574 1330 4617 it
1350 4571 1388 4618 in-

843 4656 953 4710 sir-netes,
965 4645 994 4689 rl'.
1011 4648 1047 4691 eli.
1064 4663 1117 4701 xix,
1132 4656 1170 4694 at.
1184 4673 1213 4683 —
1226 4644 1389 4694 t'onnmnebrn
