3232 5236
262 419 300 475 80
643 420 851 475 CORNELII
881 419 1027 475 TAClTl

263 575 342 618 rum
365 549 460 618 libris
485 564 519 619 et
537 549 646 618 tribus
666 550 899 644 Epistularum
925 548 1113 644 composita
1136 564 1170 619 ct
1196 548 1287 619 edita
1311 561 1403 617 sunt.

210 685 242 737 10
263 668 313 734 Ex
334 665 386 734 his
410 665 562 760 intellegi
584 681 696 760 potest
720 669 785 734 Cn.
805 666 1009 762 Pompeium
1033 680 1067 735 et
1085 668 1134 733 M.
1159 668 1319 735 Crassum
1338 690 1410 734 non

263 780 392 849 viribus
410 780 513 848 modo
534 795 567 850 et
582 781 696 866 armis,
722 781 782 851 sed
810 782 950 876 iugenio
971 806 1109 876 quoque
1128 795 1162 850 et
1181 780 1336 849 oratione
1354 806 1409 848 va·

264 896 365 965 luisse
383 922 390 982 3
413 897 579 966 Lentulos
600 911 633 966 et
651 898 811 967 Metellos
831 912 864 967 et
881 898 1044 966 Lucullos
1060 911 1094 966 et
1113 896 1283 966 Curiones
1303 910 1337 966 et
1356 921 1410 965 ce-

264 1029 373 1082 teram
397 1038 583 1107 procerum
602 1039 741 1082 manum
763 1015 911 1082 multum
931 1014 965 1081 in
986 1013 1039 1081 his
1059 1012 1179 1082 studiis
1204 1038 1318 1107 operae
1348 1038 1412 1081 cu·

265 1151 381 1222 raeque
402 1127 567 1222 posuisse,
591 1154 655 1198 nec
680 1154 887 1223 quemquam
915 1129 980 1197 illis
1003 1128 1217 1223 temporibus
1252 1153 1412 1224 magnam

212 1257 243 1309 15
266 1243 455 1338 potentiam
483 1243 556 1313 siue
587 1244 701 1338 aliqua
727 1245 923 1340 eloquentia
948 1258 1184 1314 consecutum.
1215 1245 1276 1313 His
1310 1270 1412 1315 aece-

266 1359 368 1429 debat
402 1360 565 1454 splendor
593 1387 734 1431 reorum
761 1377 794 1432 et
820 1361 1022 1458 magnitudo
1051 1386 1242 1446 causarum,
1269 1387 1344 1457 quae
1379 1378 1413 1431 et

266 1475 338 1570 ipsa
355 1476 542 1571 plurimum
562 1478 767 1573 eloquentiae
787 1493 960 1573 praestant.
982 1481 1071 1548 Nam
1088 1478 1234 1546 multum
1254 1476 1407 1563 interest,

266 1606 427 1662 utrumne
448 1592 491 1662 de
511 1592 604 1662 furto
628 1607 687 1662 aut
709 1593 857 1662 formula
878 1610 911 1663 et
931 1593 1116 1663 interdicto
1141 1593 1328 1663 dicendum
1348 1593 1412 1661 lra-

264 1708 358 1794 beaS,
378 1735 421 1777 an
446 1708 489 1778 de
512 1709 641 1777 ambitu
668 1709 899 1795 comitiorum,
924 1710 1078 1804 expilatis
1099 1709 1199 1778 sociis
1221 1709 1412 1781 etcivibus

211 1840 246 1892 20
265 1825 457 1894 trucidatis.
479 1827 564 1915 Quae
591 1827 680 1894 mala
703 1826 791 1895 sicut
817 1852 887 1895 non
914 1826 1072 1896 accidere
1092 1826 1214 1895 melius
1241 1842 1291 1896 est
1315 1825 1413 1920 isque

265 1942 415 2036 optimus
436 1941 582 2010 civitatis
609 1956 714 2011 status
734 1942 912 2012 habendus
933 1958 994 2029 est,
1014 1943 1049 2011 in
1069 1969 1138 2037 quo
1158 1943 1244 2011 nihil
1262 1942 1329 2012 tale
1349 1967 1414 2037 pa-

264 2059 381 2143 timur,
406 2057 451 2126 ita
481 2083 559 2126 cum
580 2057 789 2142 acciderent,
818 2059 992 2154 ingentem
1013 2060 1217 2155 eloquentiae
1236 2057 1413 2128 materiam

297 2288 445 2335 Vanranras.
461 2315 492 2325 -
513 2297 547 2335 ts.
564 2289 651 2336 civibus
670 2288 814 2338 Puteolanus
830 2291 974 2338 :comitibus
988 2307 1042 2336 mss.

264 2459 352 2504 recueil
362 2459 392 2505 de
406 2458 484 2519 piceos
496 2460 615 2507 (ducturos
626 2470 650 2507 et
665 2462 695 2507 dc
707 2461 810 2507 discours

266 2531 431 2592 authentiques
462 2531 601 2578 interessent
626 2533 740 2578 l'lristoire
769 2535 810 2578 des

265 2603 371 2648 derniers
390 2613 467 2662 temps
483 2604 513 2649 de
529 2605 551 2649 la
572 2603 720 2665 republique.

296 2681 319 2718 t).
336 2675 447 2720 Actorum
459 2673 533 2722 tibris.
545 2675 662 2722 C't'rtaient
676 2691 727 2720 sans
739 2677 810 2720 doute

265 2746 306 2790 des
326 2745 423 2790 extraits
442 2746 577 2806 empruntes
595 2763 640 2791 aux
661 2748 811 2807 proces-ver-

265 2817 326 2862 baux
337 2817 368 2861 du
382 2816 448 2862 senat
457 2817 520 2880 (acta
530 2816 633 2880 senatus)
644 2829 669 2863 et
678 2834 707 2863 au
716 2818 811 2878 jonrnal

265 2887 352 2933 oibeiel
375 2889 404 2933 de
425 2892 499 2934 Rome
521 2887 586 2952 (acta
606 2888 701 2945 diurna,
717 2888 810 2951 populi,

266 2956 374 3021 urbana).
393 2960 483 3020 Depuis
495 2961 518 3005 le
538 2960 644 3021 premier
658 2961 765 3005 consulat
780 2962 810 3005 dc

266 3029 337 3075 Cesar
350 3028 388 3091 (59
401 3045 437 3076 av.
451 3029 539 3093 Ι.-(].),
558 3033 592 3076 les
606 3042 712 3091 comptes
726 3032 810 3076 rendus

266 3102 307 3146 des
326 3099 420 3146 seanecs
437 3103 468 3146 du
481 3101 549 3146 senat
561 3101 651 3147 etaient
661 3102 755 3165 rediges
768 3118 811 3162 par

266 3173 307 3216 des
331 3173 499 3234 stenographes
521 3183 545 3218 ct
564 3172 656 3232 publiea
678 3173 810 3235 regulierc-

266 3253 338 3288 ment.
354 3242 439 3289 C'etait
452 3244 512 3288 aussi
523 3243 595 3289 Cisar
608 3244 648 3304 qui
658 3243 726 3289 'avait
739 3242 810 3288 fonde

266 3314 289 3358 lc
302 3313 403 3359 Journal
415 3313 507 3376 officiet
526 3311 566 3376 (cl.
581 3314 809 3376 Bouche-Leclereq‚

266 3400 317 3429 ouv.
330 3383 370 3428 cit.
380 3400 405 3444 p.
424 3382 486 3447 t00).

299 3462 336 3501 tu.
355 3458 397 3501 Cn.
410 3456 545 3517 Pompeium
557 3467 579 3502 et
592 3460 622 3503 M
623 3492 628 3502 .
641 3460 761 3503 Crassum.
774 3460 811 3504 Du

267 3526 370 3588 premier
391 3526 491 3572 Ciceron
506 3545 518 3572 a
534 3529 580 3585 dit,
592 3532 661 3577 Brut.
683 3537 721 3587 68,
742 3535 810 3573 239:

269 3619 280 3642 (ι
295 3600 336 3644 Cn.
352 3599 477 3659 Pompeius
490 3600 524 3644 vir
533 3602 562 3646 ad
576 3601 654 3646 omnia
669 3618 758 3646 summa
766 3617 811 3645 na-

270 3692 281 3712 «ι
298 3681 334 3715 tus
347 3671 461 3730 majorem
469 3672 562 3716 dicendi
573 3673 673 3733 gloriam
683 3673 809 3724 habuisset,

271 3764 281 3784 a
298 3741 342 3787 nisi
361 3759 415 3788 eum
435 3742 532 3803 majoris
545 3743 627 3804 'gloriae
648 3744 764 3803 cupiditas
782 3745 811 3788 ad

270 3834 281 3856 «
298 3814 393 3859 bellicas
405 3813 486 3858 laudes
492 3815 655 3860 abstraxisset.
669 3834 680 3856 n
693 3818 771 3872 Quant
783 3831 812 3859 au

269 3886 370 3940 second,
380 3888 414 3930 M.
429 3884 529 3929 Licinius
542 3887 647 3942 Crassus,
659 3887 681 3931 le
695 3887 811 3942 triumvir,

268 3972 322 4016 voy.
334 3956 391 4001 ibid.
406 3964 444 4012 65,
457 3963 511 4001 233.

301 4035 338 4073 ta.
356 4027 476 4083 Lentulos,
486 4037 531 4075 etc.
543 4029 575 4073 Le
587 4029 663 4072 talent
672 4028 811 4074 oratoirede

269 4115 307 4144 ces
323 4115 481 4161 pcrsonuages
498 4107 534 4144 est
545 4097 655 4159 apprieii.
681 4116 725 4160 par
741 4100 811 4146 Cici-

269 4187 321 4223 ron,
331 4172 388 4215 dans
404 4171 427 4214 le
443 4174 531 4216 Brutus
547 4187 555 4215 .·
573 4172 599 4214 Ρ.
614 4171 735 4216 Cornelius
754 4174 812 4216 Leu-

269 4241 330 4293 tulus
341 4241 452 4300 Spinther
464 4239 536 4303 (cous.
553 4258 582 4287 en
600 4240 647 4304 57),
660 4243 698 4286 ch.
714 4257 811 4298 nxxvtt,

269 4319 328 4366 268;
344 4313 386 4356 Cu.
401 4313 522 4357 Cornelius
541 4311 652 4356 Lentulus
662 4313 812 4359 Marcellinus

269 4382 341 4444 leons.
353 4398 383 4426 cn
398 4379 445 4442 55),
461 4383 499 4427 ch.
517 4396 578 4438 axx,
591 4388 649 4439 2⁴73
663 4386 692 4441 Q.
709 4384 812 4430 Caecilius

268 4456 379 4501 Metellus
392 4453 461 4499 Celer
478 4452 549 4515 (eous.
563 4451 643 4513 ento)
660 4458 728 4513 etQ.
745 4455 812 4500 Caci·

268 4527 313 4571 lius
323 4522 597 4586 MetellusNepos(eons.
610 4526 693 4586 en57),
704 4526 742 4574 eh.
751 4541 811 4581 m,

270 4604 314 4642 2⁴7
323 4614 330 4654 ς
339 4601 365 4643 L.
385 4607 409 4642 et
422 4599 455 4642 M.
470 4594 570 4640 Licinius
583 4597 690 4641 Lucullus
701 4594 773 4660 (cons.
789 4598 812 4642 le

864 2463 967 2523 premier
977 2479 1007 2508 en
1020 2468 1058 2519 74,
1067 2463 1090 2508 lc
1102 2462 1188 2508 second
1207 2477 1235 2508 en
1248 2460 1287 2525 73)
1300 2461 1336 2507 eh.
1348 2473 1412 2518 exn,

865 2541 918 2578 222.
938 2537 984 2578 Par
1003 2532 1123 2588 Curiones,
1141 2533 1158 2577 il
1178 2532 1229 2577 faut
1253 2532 1369 2578 cntendre
1383 2534 1411 2578 C.

865 2604 998 2649 Scribonius
1014 2605 1094 2664 Curio,
1120 2604 1142 2649 le
1165 2603 1222 2663 pire
1244 2614 1268 2648 et
1285 2603 1308 2648 le
1327 2603 1370 2655 lils,
1389 2603 1412 2648 le

864 2675 977 2734 premier,
986 2676 1066 2720 consul
1078 2691 1108 2721 cn
1123 2682 1152 2721 76
1166 2685 1191 2720 et
1205 2685 1269 2720 mort
1281 2691 1310 2720 en
1326 2681 1353 2719 53
1371 2671 1411 2734 (ei.

865 2746 914 2792 Cic.
936 2749 1004 2791 Brut.
1025 2754 1062 2802 58,
1085 2746 1154 2810 240);
1174 2746 1196 2791 le
1209 2747 1303 2809 second,
1317 2744 1413 2790 iameux

864 2833 907 2877 par
925 2818 947 2862 le
963 2820 1012 2862 role
1027 2817 1085 2879 qu'il
1102 2819 1158 2877 jona
1177 2833 1269 2862 comme
1283 2817 1364 2862 tribua
1383 2832 1413 2860 eu

866 2896 894 2932 60
910 2886 948 2948 (ei.
964 2888 1013 2933 cic.
1029 2891 1097 2933 Brut.
1112 2895 1151 2944 7¹,
1170 2895 1214 2934 280
1231 2897 1255 2933 et
1268 2887 1355 2946 Vellcj.
1378 2888 1411 2942 ΙΙ,

865 2965 904 3014 ts,
920 2957 953 3020 a).
1383 2959 1386 2966 ’

898 3037 934 3075 16.
952 3030 1094 3090 Magnitudo
1104 3045 1236 3076 causarum.
1251 3030 1317 3077 c'est
1327 3045 1353 3075 ce
1364 3043 1411 3089 que

865 3101 900 3146 dit
910 3100 1016 3156 Ciciron,
1028 3103 1131 3149 deOrut.
1144 3104 1164 3157 l,
1172 3109 1195 3158 l,
1204 3109 1231 3146 45
1247 3119 1252 3149 ι
1266 3122 1277 3144 ι
1288 3101 1411 3147 Excitabat

867 3192 878 3213 (ι
894 3189 934 3218 eos
953 3173 1098 3233 rrrrrgnitudo,
1120 3173 1219 3219 varietas
1236 3173 1411 3234 multitudoque

865 3244 889 3288 iu
906 3243 970 3288 omni
985 3260 1070 3303 genere
1081 3260 1214 3289 causarum.
1226 3264 1237 3286 n

898 3322 934 3360 tt.
945 3316 1066 3360 normata.
1079 3315 1115 3362 Cf.
1127 3317 1165 3360 eh.
1175 3331 1220 3372 xx,
1228 3333 1252 3360 n.
1263 3316 1410 3361 3.—Inter·-

865 3384 935 3442 dieto,
950 3388 1100 3432 ordonnancc
1114 3387 1300 3432 extraordinaire
1309 3388 1340 3431 du
1353 3385 1411 3447 pre-

865 3469 927 3503 tcur.
943 3462 975 3503 Lc
988 3458 1095 3520 preteur,
1106 3457 1226 3504 considere
1237 3474 1328 3503 comme
1342 3459 1365 3501 la
1379 3455 1410 3501 loi

865 3529 967 3585 vivantc,
983 3529 1046 3575 avait
1058 3531 1080 3574 le
1095 3530 1159 3575 droit
1173 3531 1317 3575 d'ordonuer
1333 3538 1412 3573 tontes

866 3617 978 3657 mesures,
995 3601 1138 3661 provisoires
1151 3618 1181 3646 ou
1193 3600 1334 3655 definitiva,
1349 3615 1410 3660 pro-

865 3689 920 3733 pres
926 3675 938 3717 a
945 3673 1062 3718 assurerle
1070 3689 1136 3717 cours
1143 3672 1280 3733 regulierde
1287 3674 1308 3717 la
1315 3670 1410 3731 justice.

858 3743 944 3805 'Parmi
961 3746 995 3788 les
1012 3745 1142 3789 nombreux
1163 3743 1290 3788 interdieta
1308 3740 1410 3805 significa

865 3831 909 3874 par
920 3814 963 3872 lui,
976 3815 1338 3876 011connuitpurticulierement
1350 3811 1411 3858 celui

866 3887 907 3947 qui
919 3886 1005 3932 defend
1017 3888 1047 3932 dc
1061 3887 1234 3933 troublerdans
1244 3903 1268 3930 sa
1279 3884 1412 3945 jouissance

865 3959 888 4002 le
901 3956 1006 4019 ligitime
1020 3974 1153 4017 possessonr
1166 3959 1221 4002 d’un
1230 3957 1286 4002 bien
1296 3954 1335 4019 (cl.
1349 3959 1412 4001 Bou-

866 4030 1044 4090 che-Leclercq,
1059 4047 1110 4075 ortu.
1130 4030 1169 4074 cit.
1184 4046 1209 4090 p.
1226 4027 1290 4092 395),
1306 4027 1367 4074 Mais
1381 4042 1412 4071 on

865 4101 961 4160 pouvait
973 4101 1080 4160 toujours
1098 4111 1218 4147 contester
1231 4102 1265 4146 les
1279 4098 1332 4144 faits
1347 4098 1413 4143 invo-

866 4171 924 4232 quis
944 4187 1005 4232 pour
1016 4173 1117 4232 justifies·
1136 4172 1301 4234 l’applieation
1312 4172 1342 4216 de
1355 4169 1412 4214 l'in-

866 4243 948 4298 terdit,
963 4259 993 4288 ou
1007 4260 1022 4304 y
1038 4260 1141 4304 opposer
1154 4245 1256 4305 quelque
1268 4241 1412 4302 exceptione

867 4315 895 4358 de
911 4315 932 4358 lit
943 4316 973 4359 de
983 4316 1114 4361 nombreux
1135 4314 1226 4376 proces.
1239 4342 1270 4349 -
1282 4312 1412 4361 Dicendum

866 4384 959 4430 lateas.
976 4384 1012 4432 Cf.
1030 4387 1221 4443 eh.xxxv1,32.

899 4463 936 4501 tt.
954 4460 990 4502 De
1010 4457 1100 4503 ambitu
1122 4458 1275 4504 comitiorum.
1301 4458 1366 4504 C’est
1390 4457 1413 4503 le

866 4528 930 4587 sajet
941 4529 972 4573 du
984 4546 1029 4591 pro
1039 4532 1150 4579 Murena,
1163 4556 1193 4564 —
1203 4529 1325 4593 Expilutt's
1344 4527 1413 4574 sociis

868 4608 888 4642 et
904 4598 992 4643 civibus
1009 4599 1140 4645 trucidatis.
1155 4604 1235 4662 Vnyer.
1249 4602 1284 4648 les
1294 4601 1410 4647 Verriues.
