3196 5256
366 475 590 533 DIALOGUS
616 480 670 535 DE
697 479 991 543 ORATORIBUS,
1019 472 1055 556 ἓξ
1082 478 1196 535 ll-l‘l.
1312 483 1350 538 ib

208 608 330 680 crimas
354 634 494 678 reorum
519 613 786 704 componuntur,
817 610 876 680 sod
903 610 1033 681 secedit
1061 612 1193 681 animus
1217 611 1252 680 in
1276 613 1387 691 locas

207 752 293 822 pura
315 741 416 820 atque
442 724 639 794 innocentia
663 726 858 822 fruiturque
880 727 1017 797 sedibus
1035 728 1150 797 sacris.
1173 731 1255 798 Haec
1277 731 1351 799 elo-

207 841 355 938 quentiae
382 841 583 936 primordia,
619 842 692 911 haec
721 844 926 939 penetralia,
952 843 1018 913 hoc
1051 844 1201 939 primum
1233 845 1351 915 habitu

207 961 371 1054 cultuque
394 957 575 1026 commoda
597 959 797 1027 mortalibus
827 958 861 1027 in
885 958 941 1028 illa
966 975 1056 1029 casta
1079 975 1113 1029 et
1136 961 1238 1030 nullis
1271 988 1350 1031 oon·

207 1090 296 1145 tacta
317 1075 407 1143 vitiis
429 1088 572 1169 pectora
594 1073 751 1143 iuiluxit:
774 1074 821 1143 sic
842 1076 980 1143 oracula
1000 1076 1241 1173 loquebantur.
1262 1080 1352 1149 Nam

207 1194 350 1261 lucrosae
377 1191 478 1284 hujus
510 1205 544 1259 et
574 1191 807 1286 sanguinantis
839 1191 1043 1286 eloquentiae
1067 1219 1148 1261 usus
1172 1219 1293 1264 recens
1319 1210 1353 1264 et
1374 1212 1406 1264 10

207 1308 303 1376 malis
320 1306 473 1375 moribus
497 1321 608 1393 natus,
630 1321 744 1401 atque,
767 1323 804 1376 ut
821 1322 858 1376 tu
876 1307 1024 1394 dicebas,
1050 1310 1155 1403 Aper,
1181 1308 1352 1380 inlocum
1389 1380 1400 1385 ,,

208 1425 266 1494 teli
285 1438 453 1518 repertus.
473 1426 636 1493 Ceterum
652 1422 733 1492 felix
751 1423 834 1492 illud
851 1439 896 1509 et,
917 1438 956 1492 ut
970 1450 1066 1494 more
1081 1440 1199 1495 nostro
1214 1428 1348 1522 loquar,

208 1566 350 1611 aureum
368 1541 542 1624 saeculum,
564 1553 599 1608 et
615 1553 791 1607 oratorum
810 1554 844 1609 et
861 1539 1043 1609 criminum
1062 1540 1160 1635 inops
1191 1541 1302 1637 poetis
1319 1558 1354 1613 et

207 1658 340 1725 vatibus
355 1655 561 1740 abundabat,
584 1654 643 1749 qui
665 1656 753 1725 bene
771 1655 860 1724 facta
885 1672 1060 1743 canerent,
1087 1683 1158 1727 non
1182 1659 1241 1753 qui
1265 1660 1353 1729 male

208 1773 353 1842 admissa
370 1771 608 1842 defenderent.
631 1773 705 1842 Noc
721 1772 798 1840 ullis
815 1788 875 1841 aut
889 1773 998 1869 gloria
1015 1773 1135 1870 major
1151 1789 1210 1843 aut
1231 1801 1352 1871 augus·
1375 1785 1406 1837 15

208 1891 276 1960 tior
293 1890 417 1975 honor,
439 1889 587 1985 primurn
605 1888 697 1983 apud
715 1888 809 1975 deos,
836 1915 984 1983 quorum
1008 1888 1166 1985 proferre
1191 1917 1354 1986 responsa

209 2024 243 2078 et
260 2007 423 2076 interesse
441 2005 557 2101 epulis·
568 2005 779 2090 ferebantur,
795 2005 927 2100 deiude*
936 2005 1027 2100 apud
1045 2007 1121 2076 illos
1139 2006 1203 2077 diis
1221 2007 1354 2103 genitos

210 2150 392 2224 sacrosque
426 2148 536 2220 reges,
572 2121 662 2192 inter
693 2149 779 2219 quos
800 2123 974 2193 neminem
999 2123 1263 2210 causidicorum,
1294 2123 1354 2194 sed

240 2381 389 2427 viariam.
403 2404 434 2415 -
446 2385 468 2422 8.
485 2379 509 2423 in
520 2379 560 2423 illu
576 2379 610 2422 vr
622 2396 629 2422 :
646 2387 670 2422 et
683 2377 726 2421 ista
743 2378 768 2423 V
769 2377 797 2420 L.
813 2400 844 2409 -
860 2380 896 2419 tu.
907 2384 931 2418 et
944 2373 1011 2418 malis
1023 2389 1078 2430 rius,
1089 2374 1166 2421 saufF
1177 2373 1212 2435 (et
1226 2391 1255 2420 ex
1267 2374 1352 2439 malis).

208 2478 240 2488 -
252 2459 289 2497 ts.
307 2452 360 2496 ullis
370 2454 404 2496 vF
417 2470 424 2495 :
436 2451 496 2495 ullus
510 2452 536 2497 V
536 2452 570 2503 L,·
583 2450 659 2508 major
669 2445 828 2508 Iuste-Lipse:
845 2461 910 2491 more
925 2445 986 2506 (mor
998 2445 1079 2505 t).....
1092 2448 1118 2492 V
1118 2448 1147 2499 L,
1159 2461 1224 2492 more
1237 2450 1266 2504 F,
1277 2448 1302 2493 in
1314 2463 1354 2493 ore

209 2542 230 2581 v,
241 2525 316 2582 major
328 2533 380 2568 erat
391 2522 475 2570 Hister.
488 2547 520 2558 -
531 2527 568 2566 47.
582 2521 635 2565 illos
648 2522 681 2565 vF
691 2538 699 2565 .·
711 2519 769 2563 istos
779 2521 805 2565 V
804 2520 832 2562 L.

240 2596 290 2641 tte.
308 2601 344 2639 45.
361 2593 516 2639 L'indication
535 2593 604 2637 d'une
623 2593 705 2636 lacuna
718 2590 866 2649 fourniepnr
884 2589 907 2633 lo
923 2588 1053 2634 Vaticanus
1074 2595 1132 2634 {862
1154 2600 1179 2635 et
1195 2591 1217 2636 le
1237 2589 1354 2636 [sidensis

210 2666 360 2712 autoriserait
370 2664 492 2726 peut-atre
505 2666 517 2708 a
534 2663 682 2723 conjectures
696 2660 835 2707 mortalibus
846 2659 935 2722 rnajor,·
947 2676 1000 2720 voy.
1016 2662 1150 2721 rependant
1162 2663 1231 2709 Il'otes
1249 2660 1354 2724 explica-

211 2738 276 2784 eires.

242 2889 463 2936 7·a.1100...tabuu
472 2887 650 2949 cultuque,sous
663 2901 701 2930 ces
713 2885 755 2930 de-

210 2964 264 3008 hors
277 2973 301 3008 ot
316 2977 371 3007 aveo
383 2970 446 3006 cette
459 2961 522 3005 mine
537 2959 577 3022 (au
590 2958 638 3003 lieu
651 2959 680 3002 de
692 2957 751 3003 c'est

210 3036 240 3080 de
252 3045 315 3080 cette
327 3032 431 3079 maniere
442 3029 536 3095 que...).
548 3029 705 3091 L'iloquence
719 3038 755 3073 est

210 3106 367 3168 personniliee
385 3105 425 3150 ici.

242 3185 265 3226 8.
277 3176 399 3224 conmwda
405 3176 455 3221 doit
466 3175 516 3220 titre
528 3171 633 3219 rottaebr'a
646 3190 675 3218 au
685 3174 756 3218 verbe

212 3248 317 3312 influxit.
333 3250 423 3292 Lesens
439 3257 493 3292 est:
510 3265 520 3286 ιι
535 3249 597 3291 Ροιιι·
613 3247 635 3290 le
648 3245 704 3290 bien
716 3246 756 3289 des

211 3321 317 3365 mortels.
332 3338 343 3359 u
358 3317 395 3364 Cf.
409 3321 466 3364 Hor.
481 3317 525 3364 Od.
540 3318 617 3373 1v‚s,
632 3323 640 3361 t
660 3333 665 3361 :
681 3336 692 3358 u
706 3319 757 3362 Do-

213 3411 224 3433 «
238 3406 319 3435 narem
341 3400 435 3450 pateras
456 3398 571 3450 grataque
590 3389 755 3433 commodus...

214 3482 224 3503 u
239 3462 297 3507 meis
309 3478 354 3506 aera
367 3461 485 3505 sodalibus
498 3479 509 3501 »
522 3458 558 3522 [C.
571 3457 661 3522 Peterl.

244 3539 266 3578 t).
284 3533 335 3590 sic,
349 3533 379 3578 de
389 3542 453 3578 cette
467 3531 580 3583 muniere,
594 3531 685 3576 c.-e'v·d.
700 3531 757 3575 dans

212 3606 233 3650 la
249 3607 333 3666 langue
351 3606 381 3649 de
399 3605 421 3649 la
433 3602 524 3665 poesie.

245 3682 282 3722 to.
297 3673 382 3739 Hujus,
397 3677 427 3720 do
438 3685 506 3720 notre
523 3673 757 3735 temps—Sangui-

212 3748 291 3794 nautis
301 3747 447 3808 eloquentia,
460 3746 588 3808 iloquenee
602 3745 757 3807 digouttante

213 3821 318 3879 desang3
333 3820 432 3864 allusion
447 3835 491 3862 aux
509 3818 702 3863 condamnations
714 3833 756 3862 ca·

212 3891 298 3950 pitsles
308 3892 422 3935 obtenues
432 3905 476 3949 par
485 3891 520 3934 les
527 3889 613 3949 Eprius
621 3890 756 3950 Marcellus,

212 3964 247 4007 les
261 3961 343 4008 Vibius
360 3961 517 4020 Crispus,etc.
531 3963 563 4006 Le
575 3961 646 4006 verbe
658 3959 756 4021 sangui·

212 4049 269 4080 nare
293 4048 322 4078 ne
342 4033 437 4077 devient
454 4029 564 4092 frequent
581 4047 627 4092 que
648 4031 704 4076 ehez
722 4033 756 4075 les

213 4104 324 4151 icrivains
337 4105 366 4149 de
379 4104 489 4164 l's'spoque
504 4102 660 4162 posttrieure.

244 4183 281 4222 ll.
301 4178 331 4222 Ut
348 4174 491 4220 indicabas.
510 4173 546 4220 Cf.
570 4173 608 4222 eb.
624 4188 650 4231 v,
668 4176 707 4218 tin.

243 4255 280 4293 ta.
297 4249 412 4303 Ceterum,
434 4247 492 4291 mais
515 4262 544 4291 au
564 4245 691 4291 contraire.
716 4245 753 4291 Cl.

212 4323 307 4381 Draeger
321 4319 386 4365 nise.
402 4323 472 4381 Sym.
485 4318 499 4380 ἓ
514 4324 567 4363 340.

244 4398 281 4437 ta.
299 4393 424 4437 Oratorem
444 4401 468 4435 et
484 4388 609 4435 criminum
622 4393 695 4450 inops.
718 4388 755 4434 Cl.

212 4464 250 4509 oh.
262 4478 313 4519 xm,
328 4469 340 4508 7
355 4479 360 4507 ε
376 4482 387 4504 α
402 4463 472 4521 Quod
486 4462 505 4507 si
521 4461 666 4508 inveniretur
678 4461 755 4522 aliqua

214 4554 224 4576 a
241 4534 332 4589 civitas,
341 4535 365 4579 in
385 4551 430 4595 qua
449 4550 520 4580 nemo
539 4543 659 4594 peccaret,
675 4548 756 4593 super-

214 4625 225 4647 «
240 4621 322 4650 vacuus
342 4616 404 4651 esset
433 4606 496 4651 inter
519 4607 655 4651 innocentes
677 4615 757 4650 orator

213 4697 225 4719 a
239 4676 300 4724 siout
311 4677 374 4722 inter
387 4693 455 4724 sanos
467 4677 578 4724 medicus.
592 4696 603 4719 o

842 2891 879 2930 to.
899 2885 962 2932 Ullss
982 2895 1017 2930 est
1032 2885 1081 2945 pris
1093 2884 1124 2931 ici
1142 2887 1355 2934 substantivement

809 2973 853 3017 par
867 2957 976 3019 analogio
989 2973 1044 3002 aveo
1052 2957 1122 3003 nulli.
1137 2959 1156 3003 ll
1169 2968 1205 3004 est
1216 2959 1312 3005 caneux
1324 2960 1353 3004 de

810 3038 929 3074 constater
945 3045 991 3090 que
1008 3045 1034 3074 oe
1058 3039 1108 3074 mot
1126 3030 1185 3075 ainsi
1198 3030 1308 3091 employe'e
1324 3047 1354 3077 ne

809 3117 833 3145 se
847 3110 969 3146 rencontre
977 3101 1063 3161 qu’une
1071 3111 1137 3146 autre
1147 3101 1199 3158 lois,
1207 3112 1231 3147 et
1239 3103 1296 3148 dans
1305 3104 1354 3147 Ta·

810 3173 868 3228 cite,
882 3175 946 3218 Arm.
960 3173 1003 3225 x1‚
1017 3179 1045 3218 27
1062 3189 1067 3217 :
1081 3192 1092 3214 α
1105 3173 1166 3218 Ullis
1184 3174 1328 3220 mortalium.
1342 3193 1353 3215 a

843 3252 880 3290 to.
898 3245 1005 3306 Proserre
1013 3243 1202 3307 responsugc'est
1214 3245 1273 3291 ainsi
1285 3246 1355 3307 qu'en

810 3334 865 3379 gree
883 3319 917 3362 les
938 3317 1022 3377 poetes
1043 3325 1095 3362 sont
1115 3316 1213 3381 nppelris
1231 3317 1354 3383 ὑποφῆται

810 3396 859 3439 τῶν
876 3391 946 3438 θεῶν.

842 3467 879 3506 17.
898 3462 1014 3505 Interesse
1035 3460 1119 3522 epulis.
1150 3465 1214 3507 Nous
1240 3478 1270 3507 ne
1295 3477 1353 3507 cou-

809 3532 914 3577 naissons
936 3548 979 3592 pas
1002 3532 1147 3592 d'exemples
1166 3533 1196 3577 de
1214 3533 1297 3594 poetes
1314 3533 1355 3593 qui

811 3604 875 3649 aient
895 3603 932 3649 ert
952 3604 982 3648 de
999 3605 1051 3648 leur
1067 3603 1146 3648 vivant
1165 3620 1195 3648 ou
1216 3604 1284 3664 apres
1304 3606 1356 3649 leur

810 3685 873 3720 mort
887 3675 962 3720 ndmis
982 3677 994 3718 a
1013 3675 1035 3718 la
1057 3674 1122 3718 table
1136 3675 1178 3719 des
1197 3675 1275 3720 dieux.
1295 3675 1354 3719 Mais

810 3745 891 3790 o'e'etait
910 3761 955 3788 une
975 3759 1090 3803 croyanee
1108 3761 1232 3790 commune
1251 3745 1355 3790 al'anti-

811 3816 877 3877 quite
894 3831 996 3878 greeque
1015 3826 1040 3861 et
1052 3816 1125 3862 latine
1138 3818 1210 3878 qu’un
1227 3816 1296 3862 heros
1314 3817 1355 3862 de·

811 3888 889 3932 venuit
902 3903 931 3933 en
945 3897 1054 3932 moueant
1072 3887 1144 3932 thote
1157 3897 1182 3932 et
1202 3889 1225 3933 le
1237 3903 1356 3933 commen·

812 3959 845 4002 sal
855 3959 897 4003 des
909 3959 979 4002 dieux
993 3974 999 4001 ι
1013 3958 1058 4002 tels
1075 3959 1185 4014 Hercule,
1198 3960 1233 4004 les
1253 3959 1354 4005 Dioscu-

811 4045 857 4086 res,
872 4030 995 4085 Romulus,
1011 4039 1056 4073 ete.
1069 4025 1104 4074 Cf.
1119 4031 1188 4074 Hom.
1200 4029 1274 4090 Odys.
1282 4031 1354 4087 XVll,

812 4107 870 4157 ⁴⁷⁹3
896 4101 985 4148 catull.
1006 4102 1089 4156 thv,
1112 4107 1170 4157 ask
1190 4104 1247 4148 Hor.
1269 4101 1314 4148 Od.
1335 4103 1352 4159 l,

811 4180 850 4237 28,
863 4175 941 4229 7;1V‚
954 4180 978 4228 8,
991 4178 1035 4228 29;
1048 4174 1153 4218 Pausan.
1167 4174 1236 4226 Vlll,
1249 4179 1272 4230 2,
1285 4180 1307 4219 2.
1321 4199 1353 4208 —

810 4245 871 4292 Illos
882 4244 929 4290 diis
942 4243 1040 4305 genitos.
1057 4243 1121 4288 C'est
1135 4245 1157 4289 la
1173 4245 1307 4291 traduction
1325 4246 1354 4290 de

810 4317 963 4377 l'expression
983 4314 1123 4376 humerique
1145 4316 1262 4381 διογενεῖς
1280 4319 1354 4380 βασι-

810 4393 873 4452 λῆες.

843 4468 881 4508 ta.
900 4462 965 4505 [riter
987 4475 1071 4520 quos...
1095 4458 1234 4520 accepimus.
1260 4462 1280 4506 ll
1305 4459 1354 4504 faut

811 4532 993 4578 sous-entendre
1011 4547 1065 4576 avec
1083 4546 1122 4575 ees
1142 4541 1203 4576 mots
1222 4530 1307 4576 vixisse
1324 4546 1355 4574 ou

811 4614 863 4650 tout
876 4600 1125 4663 simplementsuisse,·
1138 4602 1221 4646 Tacite
1234 4601 1354 4661 supprimo

812 4684 909 4722 sourent
931 4672 1046 4718 l'intinitit
1071 4673 1103 4717 du
1133 4672 1204 4718 verbe
1229 4672 1357 4718 substantii
