3196 5256
378 445 604 501 DlALOGUS
630 447 685 501 DE
711 447 1008 514 nullomodo
1037 441 1072 524 ἓξ
1101 448 1214 500 18411.
1333 449 1370 503 39

227 594 359 649 constat
378 605 420 649 ne
443 578 603 649 Ciceroni
627 578 768 673 quidem
788 581 1037 649 obtrectatores
1059 577 1220 663 defuisse,
1247 578 1371 673 quibus
1391 604 1424 655 20

207 784 210 790 .
227 696 360 764 inllatus
378 711 412 765 et
428 711 563 766 tumens
574 721 638 764 nec
656 695 735 765 satis
752 722 901 790 pressuS,
915 695 975 765 sed
986 721 1090 789 super
1104 694 1246 762 modum
1262 695 1370 764 exsul·

226 827 299 880 tans
326 796 360 881 et
383 811 596 905 superfluens
623 826 656 879 et
689 835 811 904 parum
841 811 973 879 Atticus
1005 810 1194 881 videretur.
1224 811 1371 906 Legistis

225 928 344 1023 utique
363 944 397 997 et
414 927 510 996 Calvi
527 942 561 997 et
577 926 674 995 Bruti
693 926 736 994 ad
758 926 964 997 Ciceronem
990 927 1107 996 missas
1130 928 1302 1021 epistulas²
1330 953 1371 997 ex

225 1044 349 1139 quibus
371 1044 471 1112 facilc
496 1059 547 1112 cst
575 1042 839 1137 deprehendere
866 1044 1010 1111 Calvum
1036 1042 1177 1137 quidem
1208 1043 1367 1113 Ciceroni

224 1161 335 1230 visum
352 1185 560 1255 exsanguem
576 1174 610 1230 et
624 1159 790 1244 attritum,
805 1161 951 1227 Brutum
968 1173 1082 1228 autem
1104 1159 1252 1228 otiosum
1267 1174 1370 1254 atque
1390 1184 1423 1234 25

224 1275 434 1369 dijunctu1n3
469 1300 656 1369 rursusque
687 1274 893 1344 Ciceronem
924 1299 943 1341 a
974 1275 1081 1343 Calvo
1112 1274 1253 1369 quidem
1282 1276 1369 1345 male

224 1391 358 1461 audisse
389 1407 552 1486 tanquam
580 1391 729 1459 solutum
756 1404 791 1459 et
812 1414 987 1475 enervem,
1013 1416 1032 1458 a
1054 1392 1162 1459 Bruto
1184 1405 1311 1475 autern,
1332 1405 1370 1459 ut

224 1507 329 1601 ipsius
357 1507 471 1576 verbis
497 1521 585 1591 utar,
612 1521 775 1600 tanquam
803 1505 978 1574 fractum
1005 1521 1126 1600 atquc
1154 1507 1364 1575 elumbem.

222 1623 257 1690 Si
275 1648 330 1692 me
345 1623 549 1718 interroges,
569 1647 688 1691 omnes
710 1621 794 1689 mihi
812 1621 974 1691 videntur
995 1648 1116 1692 verum
1133 1622 1257 1692 dixisse
1277 1650 1282 1688 :
1309 1622 1369 1691 sed

222 1765 301 1808 mox
325 1739 367 1807 ad
394 1739 546 1835 singulos
570 1737 717 1824 veniam,
739 1763 832 1806 nunc
857 1737 941 1805 mihi
966 1764 1044 1807 cum
1071 1738 1240 1807 universis
1264 1763 1367 1832 nego·
1388 1763 1422 1814 30

222 1855 308 1923 tium
326 1870 387 1925 est.

271 1974 366 2039 XIX.
386 1973 474 2042 Nam
490 1973 671 2067 (quatenus
686 1970 906 2066 antiquorum
925 1972 1149 2041 admiratores
1165 1970 1257 2039 hunc
1273 1972 1369 2040 velut

249 2189 398 2234 Vanmuaus.
409 2214 440 2221 -
451 2193 488 2232 22.
498 2187 589 2233 Atticus
600 2187 748 2249 Iuste-Lipse
756 2208 764 2234 .-
772 2188 883 2249 antiquus
894 2204 948 2233 mss.
957 2211 967 2243 ,-
976 2188 1096 2233 videretur
1109 2190 1166 2242 VL,·
1175 2189 1270 2233 videtur
1280 2191 1322 2234 oF.
1336 2216 1367 2222 —

220 2266 257 2305 27.
271 2269 348 2304 autem
361 2262 395 2304 oF
405 2280 413 2306 :
425 2259 520 2319 quidem
536 2269 613 2304 autem
624 2262 649 2305 V
656 2258 740 2322 (etrace
753 2261 811 2304 dans
823 2260 860 2322 L).
871 2286 901 2294 -
912 2267 950 2305 29.
962 2259 1093 2320 interroges
1105 2261 1149 2304 Vt
1161 2278 1166 2305 :
1178 2260 1308 2322 interrogas
1322 2264 1364 2306 vr.

249 2333 299 2378 NG.
314 2338 352 2375 22.
367 2334 398 2376 La
409 2330 529 2376 confusion
542 2330 652 2376 d’atttcus
666 2342 691 2376 et
702 2330 835 2392 d'antt'quus
847 2331 977 2391 s'etplique
988 2330 1036 2375 fort
1048 2331 1116 2382 bien;
1128 2332 1158 2376 de
1171 2332 1231 2391 plus,
1242 2333 1301 2376 onle
1310 2333 1364 2387 soit,

219 2402 240 2448 lc
261 2403 375 2462 reproche
400 2402 495 2464 general
513 2402 604 2447 adresse
621 2405 633 2446 11
648 2401 748 2448 (11111011
765 2402 823 2447 ttait
838 2418 885 2463 que
903 2417 928 2446 sa
948 2401 1052 2446 maniere
1064 2418 1094 2446 ne
1111 2403 1229 2462 rappelait
1246 2420 1287 2463 pas
1302 2419 1365 2448 asser.

218 2473 341 2536 l'eh'egante
354 2474 457 2520 sobrietb
470 2475 512 2518 dos
524 2483 629 2519 orateurs
642 2473 754 2535 attiques.

218 2624 351 2686 pleonasme
375 2640 430 2670 avec
454 2625 531 2685 magis
553 2623 702 2670 mirarentur.
730 2650 762 2659 -

218 2696 307 2758 Appius
320 2695 434 2742 Claudius
448 2697 532 2750 caecus,
546 2696 625 2740 consul
639 2711 668 2740 en
682 2703 725 2742 307
737 2707 761 2741 et

217 2785 247 2813 en
256 2775 301 2813 298
317 2784 353 2812 av.
364 2769 425 2814 J.·C.
438 2768 475 2812 On
482 2767 612 2812 conservalt
620 2783 714 2823 encore,
727 2767 759 2811 du

217 2851 292 2900 temps
306 2841 336 2885 de
351 2837 458 2898 metron,
475 2839 497 2883 le
512 2839 616 2884 discours
628 2840 685 2899 qu'il
698 2840 759 2884 avait

215 2910 335 2972 prononce
353 2927 382 2956 au
405 2909 471 2955 senat
493 2926 553 2970 pour
566 2911 688 2970 s'opposer
704 2914 716 2956 1
732 2928 758 2956 ce

215 2985 286 3044 qu'on
306 2982 334 3028 111
358 2982 379 3027 la
397 2983 451 3042 paix
464 2997 519 3026 avec
530 2984 643 3042 Pyrrhus,
654 2983 685 3028 es.
697 2983 757 3042 Cic,

216 3059 281 3100 Brut.
296 3062 385 3109 t6‚6t·‚
402 3054 430 3098 de
442 3052 540 3099 Amicit.
558 3062 580 3111 6,
595 3061 632 3099 lti.

245 3134 284 3173 20.
311 3129 492 3181 obtrectatores,
516 3127 597 3171 caud.
628 3127 711 3173 Calvus
734 3137 758 3172 ct

215 3203 307 3256 brutus,
323 3199 355 3243 du
371 3198 450 3242 vivant
469 3198 499 3243 de
516 3197 625 3253 Cicirrum
643 3199 677 3243 les
695 3200 757 3244 deux

215 3271 315 3327 Pollion,
327 3270 349 3313 lc
363 3269 421 3329 pere
436 3278 460 3313 et
472 3270 494 3314 le
506 3269 552 3325 fils,
562 3270 631 3329 apres
645 3285 668 3313 sa
684 3281 754 3315 mort.

216 3341 347 3397 Quintilien
357 3357 370 3384 a
385 3338 486 3395 resume,
501 3340 513 3384 'a
526 3356 572 3400 peu
587 3340 641 3400 pres
653 3341 711 3386 dans
724 3343 757 3387 les

214 3409 757 3471 malmestcrmesqneTacite,maisavecuupcu

214 3483 267 3543 plus
281 3483 310 3527 de
325 3480 451 3541 prichina,
463 3481 498 3526 les
516 3480 642 3541 reproches
658 3497 705 3542 que
720 3499 757 3528 ces

213 3555 326 3615 critiques
346 3553 490 3598 adressaient
512 3569 541 3596 au
560 3552 634 3612 grand
652 3563 756 3605 orateur,

213 3627 264 3683 XII,
282 3633 320 3682 l0,
335 3632 361 3671 12
379 3643 384 3670 :
403 3645 414 3665 ιι
434 3627 511 3682 Quem
527 3634 605 3669 tamen
624 3633 648 3668 et
662 3639 755 3669 sitorum

213 3718 224 3739 ιι
243 3698 351 3743 homines
365 3707 497 3756 temporum
513 3696 629 3741 incessere
639 3697 756 3741 audebant

214 3791 224 3809 ιι
243 3780 268 3813 ut
280 3769 432 3814 tumidiorem
453 3778 477 3813 et
498 3766 608 3813 Asianum
629 3777 654 3812 et
673 3768 756 3812 redun-

213 3862 223 3881 ιι
243 3841 339 3885 dantem
353 3850 378 3885 et
390 3839 571 3899 repetitionibus
582 3839 680 3885 nimium
696 3849 720 3884 ct
731 3839 755 3883 in

213 3933 223 3953 ιι
242 3911 411 3971 compositione
425 3910 534 3967 fractum,
549 3911 714 3968 exsultantem,
730 3927 755 3955 ac

211 4005 222 4026 ιι
239 3999 315 4043 paene,
331 3983 394 4042 quod
411 3983 493 4041 procul
505 3982 574 4038 absit,
594 3981 644 4026 viro
663 3981 755 4028 mollio-

212 4076 222 4094 «
240 4071 330 4100 rem...
344 4053 462 4112 Praecipue
474 4069 529 4099 vero
543 4063 679 4113 presserunt
690 4070 753 4110 eum,

211 4148 222 4168 ιι
240 4128 280 4187 qui
293 4126 366 4171 videri
382 4125 513 4170 Atticorum
527 4124 658 4172 imitatores
674 4142 756 4171 concu-

211 4220 221 4240 ιι
240 4199 343 4258 pierunt.
360 4217 370 4238 a

239 4278 278 4314 22.
295 4273 384 4316 Porum
400 4273 503 4324 Atticus,
518 4270 605 4313 c.-h-d.
627 4286 670 4329 pas
693 4285 755 4314 assez

209 4343 285 4387 sobre.
302 4345 346 4387 Sur
357 4352 420 4387 cette
436 4340 542 4402 querelle
558 4341 631 4401 qu’on
648 4340 725 4386 faisait
742 4344 754 4386 11

209 4414 318 4469 (11111011,
328 4430 381 4473 toy.
398 4414 419 4458 le
432 4413 570 4468 eructuat
581 4419 610 4457 82
626 4415 638 4456 h
656 4420 694 4459 86.

239 4491 277 4530 23.
294 4485 363 4532 Calvi
380 4496 403 4530 ct
416 4484 487 4530 Bruti
504 4483 626 4546 epistulas.
647 4487 711 4530 Nous
725 4501 754 4533 ne

208 4556 241 4600 les
255 4572 324 4601 avons
338 4573 379 4616 pas
390 4555 532 4602 conservetis.
545 4556 667 4602 Toutelois
685 4557 753 4604 Cice·

208 4643 260 4684 ron,
276 4627 307 4671 ad
323 4631 391 4675 Furit.
412 4631 463 4686 XV,
488 4634 528 4686 tt,
547 4635 570 4685 4,
586 4628 629 4675 fait
648 4628 753 4675 mention

818 2625 887 2670 d'une
911 2625 981 2669 lettre
1005 2624 1061 2684 qu’il
1085 2624 1147 2669 avait
1174 2623 1246 2670 ecrite
1268 2628 1280 2670 a
1308 2629 1363 2674 Cal-

820 2711 860 2740 vus
878 2696 989 2740 touchant
1007 2696 1029 2739 lc
1053 2696 1172 2741 caractere
1185 2697 1214 2741 de
1242 2713 1285 2742 son
1311 2699 1362 2744 lelo-

821 2784 918 2828 quence.
1026 2817 1029 2822 ,

850 2846 888 2885 25.
903 2842 1055 2900 Eoesattguem
1070 2849 1094 2884 ct
1107 2839 1221 2886 attritum.
1241 2843 1285 2887 Ces
1303 2843 1362 2887 deux

819 2910 938 2971 epithetes
961 2910 1126 2957 caracterisent
1150 2911 1315 2972 l'ipnisement
1339 2926 1362 2960 et

817 2983 972 3028 conviennent
995 2983 1050 3028 bien
1077 3000 1106 3027 au
1127 2984 1187 3043 style
1212 2986 1242 3029 de
1268 2987 1361 3042 Calvus,

817 3054 847 3100 cf.
860 3055 956 3109 Brutus,
971 3062 1010 3110 82,
1026 3062 1086 3100 283:
1100 3056 1246 3102 «Calvus...
1263 3057 1360 3103 nimium

818 3146 829 3167 ιι
847 3136 927 3171 tamen
941 3126 1061 3186 inquirens
1078 3127 1102 3171 in
1117 3143 1141 3172 se
1157 3139 1228 3188 atque
1244 3128 1293 3188 ipse
1311 3145 1361 3174 sese

817 3219 827 3239 ιι
846 3199 972 3243 observans
983 3207 1139 3260 metuensque
1151 3216 1180 3244 ne
1195 3199 1303 3244 vitiosum
1313 3202 1359 3245 col-

816 3290 826 3310 «
845 3269 938 3332 figeret,
952 3269 1021 3315 etium
1034 3285 1109 3313 oerum
1119 3270 1258 3332 sauguinem
1276 3274 1360 3331 perde-

816 3361 826 3380 ιι
845 3341 895 3397 bat,
910 3339 991 3402 itaque
1004 3343 1055 3400 ejus
1069 3341 1144 3387 oratio
1160 3343 1232 3387 nimia
1247 3343 1359 3404 religione

815 3433 825 3452 ιι
843 3421 966 3457 attenuato
978 3412 1054 3457 doctis
1069 3424 1093 3459 et
1107 3424 1198 3459 attente
1211 3415 1359 3459 audientibus

813 3505 823 3523 ιι
842 3493 893 3528 erat
910 3484 1039 3540 illustris‚a
1056 3484 1246 3531 multitudine...
1264 3486 1359 3532 devora-

811 3576 821 3596 «
841 3556 918 3600 batur.
939 3575 949 3595 ι)

842 3633 880 3671 26.
907 3626 1023 3671 otiosum>
1039 3636 1109 3687 atquc
1129 3625 1268 3689 dr'J'unctum.
1294 3631 1359 3688 Aper

811 3699 903 3759 parlera
910 3698 962 3757 plus
974 3698 1031 3752 lein,
1042 3698 1080 3741 ch.
1088 3712 1142 3753 ω,
1150 3704 1189 3754 28,
1198 3700 1227 3743 de
1238 3700 1359 3744 lalenteur

812 3780 835 3815 et
849 3772 879 3815 de
894 3770 915 3812 la
934 3769 1039 3814 lroideur
1053 3770 1083 3814 de
1097 3772 1190 3814 Brutus.
1203 3773 1249 3815 Par
1262 3769 1357 3833 dijunc-

811 3852 856 3896 tus,
872 3841 888 3885 il
903 3849 957 3885 veut
974 3840 1024 3885 dire
1042 3857 1088 3901 que
1098 3857 1141 3886 son
1154 3842 1215 3901 style
1231 3842 1288 3887 etait
1304 3854 1356 3904 trop

809 3911 883 3972 coupt'e
897 3922 921 3956 et
936 3913 1011 3957 meme
1025 3923 1079 3972 trop
1090 3911 1202 3958 diconsu.

841 3992 879 4031 27.
895 3984 1004 4031 Solutum
1016 3994 1039 4028 et
1048 4000 1157 4029 enervem.
1172 3986 1217 4031 Ces
1230 3987 1292 4030 deux
1305 3997 1355 4032 ter-

809 4073 857 4102 mes
878 4072 903 4102 se
924 4055 1069 4116 complerent
1091 4056 1141 4101 l’un
1165 4057 1257 4104 l'nutre.
1287 4060 1355 4105 Selon

810 4131 903 4185 Calvus,
916 4127 1016 4173 Ciceron
1027 4128 1114 4174 n’avait
1128 4145 1170 4189 pas
1185 4146 1248 4174 assez
1263 4131 1292 4176 de
1310 4148 1355 4176 ros·

809 4211 858 4246 sort
875 4215 935 4260 pour
953 4216 977 4244 se
1000 4201 1136 4259 reprendae.
1157 4201 1220 4247 C'est
1241 4202 1303 4248 aussi
1326 4221 1355 4247 nn

809 4273 898 4318 certain
929 4272 1080 4317 luisset-aller
1112 4288 1157 4333 que
1180 4273 1214 4318 lui
1240 4274 1354 4333 reprocbc

808 4348 903 4400 Brutus,
920 4343 979 4389 mais
1000 4345 1056 4388 dans
1073 4343 1115 4389 des
1131 4353 1216 4389 termes
1233 4346 1354 4405 beaucoup

808 4419 860 4477 plus
873 4416 939 4464 forts.
951 4419 1012 4475 Voy.
1027 4416 1080 4478 plns
1092 4416 1160 4474 hant,
1172 4433 1196 4461 n.
1213 4424 1252 4473 ab,
1263 4418 1284 4461 la
1298 4419 1354 4462 cita-

808 4489 858 4535 tion
871 4491 900 4534 de
911 4488 1051 4546 Quintilien.

838 4563 901 4607 XIX.
925 4567 946 4605 t.
966 4561 1035 4607 Nam.
1054 4560 1118 4606 C'est
1136 4559 1297 4619 l'explication
1313 4562 1354 4606 des

807 4642 880 4677 mots:
898 4652 909 4674 ιι
925 4633 1011 4677 Omnes
1026 4631 1083 4676 mihi
1095 4630 1204 4674 videntur
1215 4645 1295 4674 verum
1314 4632 1353 4676 di-
