3196 5256
1227 90 1257 141 .,·,
1291 92 1303 115 ·-

1271 326 1341 371 strat

233 429 272 487 to
618 424 827 498 coannnn
856 423 1000 480 ‘sacrat

234 559 420 631 terminum
437 557 647 654 antiquitatis
665 556 874 627 constituere
889 557 1012 649 solent)
1028 555 1182 626 Cassium
1198 560 1384 647 Severum,

235 703 339 772 quem
356 676 506 771 primum
521 673 693 743 affirmant
709 671 841 741 llexisse
859 673 900 740 ab
921 671 977 740 illa
993 679 1110 741 vetere
1128 687 1230 766 atque
1249 656 1387 743 directa

234 791 373 862 dicendi
388 791 454 877 via,
476 817 546 860 non
568 789 764 858 infirmitate
790 788 919 884 ingenii
941 813 1006 857 ncc
1033 787 1165 857 inscitia
1190 788 1386 858 litterarum

199 928 215 976 5
235 908 446 978 transtulisse
464 933 499 977 se
517 907 560 976 ad
576 905 660 975 illud
677 904 815 975 dicendi
836 930 945 1001 genus
963 904 1149 990 contend0,
1175 904 1235 975 sed
1249 905 1386 998 judicio

236 1041 270 1096 et
294 1025 482 1095 intellectu.
508 1023 606 1092 Vidit
631 1047 791 1117 namque,
813 1037 852 1090 ut
872 1021 975 1116 paulo
1000 1035 1078 1090 ante
1102 1020 1270 1108 dicebam,
1302 1047 1384 1091 cum

236 1141 441 1211 condicione
459 1156 654 1235 temporum
672 1154 707 1207 et
721 1136 917 1207 diversitate
928 1136 1063 1205 aurium
1079 1136 1224 1205 formam
1241 1163 1383 1233 quoque

235 1284 275 1328 ac
306 1257 456 1353 speciem
489 1255 654 1325 orationis
684 1280 757 1324 esse
793 1254 1004 1323 mutandam.
1040 1253 1153 1323 Facile
1185 1255 1384 1349 perferebat

235 1373 332 1470 prior
347 1373 403 1442 ille
425 1373 585 1468 populus,
606 1386 646 1440 ut
666 1370 845 1464 imperitus
863 1385 897 1440 et
913 1369 1021 1455 rudis,
1045 1369 1384 1464 impeditissimarum

266 1644 415 1688 Vnarnurns.
433 1665 464 1676 —
484 1642 548 1687 XIX.
565 1646 613 1685 2-3.
635 1638 741 1685 Cassium
760 1640 881 1694 Severum,
899 1654 970 1699 quem
989 1639 1093 1700 primum
1111 1637 1236 1686 Michaelis
1253 1649 1277 1685 et
1298 1641 1385 1687 Peerl-

236 1713 318 1777 kamp.-
337 1714 380 1775 qui
393 1729 466 1775 usque
483 1713 513 1758 ad
533 1711 639 1759 Cassium
653 1726 725 1772 quem
742 1726 808 1755 reum
825 1708 947 1773 (Severum
961 1708 1113 1773 Puteolanus)
1125 1709 1224 1768 faciunt,
1237 1727 1308 1773 quem
1325 1729 1383 1760 mss.

235 1812 267 1822 -
286 1791 308 1831 8.
327 1787 366 1831 illa
383 1787 429 1832 vlt:
442 1785 485 1830 ista
498 1787 551 1833 Vt.
562 1809 593 1820 -
604 1790 626 1828 a.
640 1783 738 1828 ittevr:
749 1782 795 1827 iste
805 1784 864 1836 VJ.,·
877 1781 1111 1842 impeditissimarum
1124 1785 1220 1830 Mures:
1232 1783 1384 1843 imperitissi-

236 1873 327 1905 mamm
336 1873 391 1902 rues.

267 1930 317 1975 NG.
331 1932 394 1977 XlX.
409 1935 457 1974 2-3.
470 1927 594 1972 Michaelis
605 1937 628 1972 et
642 1926 784 1985 Peerlkamp
797 1935 839 1970 ont
850 1941 879 1968 ru
891 1926 970 1985 quelle
984 1923 1042 1970 etait
1054 1935 1078 1970 et
1090 1925 1146 1970 d'oia
1158 1927 1282 1986 proveuait
1294 1927 1385 1973 l'inter·

236 2001 343 2060 polation
358 2000 398 2060 qui
413 1999 519 2059 defigure
534 2014 560 2044 ce
572 2013 684 2059 passage:
698 1999 732 2042 les
747 2006 808 2041 mots
822 1995 865 2058 qui
877 2011 949 2058 usque
965 1996 1033 2041 adet
1043 1994 1145 2058 fuciunt
1159 2006 1211 2042 sont
1225 1999 1295 2043 sortis
1312 1999 1383 2044 d'une

236 2072 302 2132 glose
311 2086 355 2130 par
367 2071 470 2131 laquelle
483 2085 513 2114 on
525 2085 538 2113 a
558 2070 628 2113 voulu
640 2068 765 2128 expliquer
777 2078 900 2112 terminum
913 2067 1059 2112 corastituere.
1073 2093 1105 2102 —
1117 2075 1140 2116 9.
1153 2068 1385 2131 Impert'tissimarum

237 2151 329 2187 estune
345 2140 411 2187 laute
425 2141 471 2185 due
489 2155 518 2184 au
529 2139 648 2200 voisinage
665 2138 809 2200 d't'mperitus
830 2149 855 2184 et
869 2139 891 2186 la
904 2138 1036 2185 correction
1050 2139 1079 2185 dc
1092 2142 1181 2196 Mutet,
1197 2139 1385 2201 impeditissima·
1477 2152 1480 2156 '

237 2229 298 2269 rum,
313 2222 349 2258 est
363 2211 424 2257 aussi
441 2211 526 2271 simple
541 2210 698 2272 qu'heureuse
716 2208 754 2272 (V.
774 2211 808 2255 les
823 2212 892 2256 Notus
908 2208 1077 2273 explicatius).

238 2433 249 2455 ιι
264 2412 324 2458 xisse
339 2429 350 2451 n
361 2411 392 2455 du
404 2407 534 2470 precedent
544 2409 658 2470 chapitre,
672 2410 688 2454 l.
703 2415 741 2454 26.
751 2434 783 2443 -

238 2487 364 2544 Quatenus,
382 2482 490 2544 puisque.
509 2481 546 2528 ef.
565 2482 602 2526 ch.
619 2496 645 2538 v,
661 2497 685 2526 n.
702 2488 739 2527 tt.
752 2506 783 2516 ·-

236 2559 304 2603 Hunc
321 2571 346 2600 se
366 2546 479 2615 rapporte
498 2570 528 2598 au
547 2569 603 2598 nom
617 2568 704 2613 propre
722 2556 781 2599 Cas-

236 2628 295 2672 sium
308 2629 427 2683 Seuerum,
437 2626 478 2687 qui
489 2626 535 2671 suit
546 2623 749 2671 immediatement
761 2625 782 2669 la

236 2699 386 2761 parenthese.

269 2779 291 2817 2.
308 2769 416 2817 Cassium
431 2772 547 2814 Severum.
560 2769 586 2813 C.
605 2769 696 2815 Cassius
713 2771 784 2815 Seve-

238 2859 275 2887 rus
290 2840 349 2887 etait
363 2840 392 2885 ne
405 2842 417 2884 a
432 2838 546 2899 Longula,
559 2838 614 2884 ville
629 2840 661 2883 du
672 2855 731 2899 pays
743 2840 785 2884 des

237 2914 362 2974 Volsques,
372 2927 423 2956 vers
435 2911 482 2955 l'an
494 2917 523 2954 to
534 2925 569 2952 av.
579 2911 639 2955 J.-C.
652 2912 669 2955 ll
681 2919 783 2966 mourut,

237 3000 288 3029 vers
297 2990 325 3028 37
339 2982 406 3041 apres
417 2982 484 3026 J.-C.
494 2980 551 3024 dans
560 2980 609 3025 l'lle
622 2982 652 3025 de
662 2980 783 3040 Seriphum

237 3056 254 3100 il
267 3054 325 3099 ttait
333 3051 394 3098 exilit
406 3051 489 3110 depuis
501 3051 638 3111 vingt-cinq
646 3068 693 3096 nus.
705 3054 785 3111 Voyez

237 3142 264 3170 ce
277 3141 323 3185 que
335 3124 371 3168 dit
385 3122 475 3177 Tacite,
493 3125 554 3166 Anu
568 3124 610 3176 lV,
626 3128 668 3166 at:
684 3142 695 3163 ιι
711 3122 784 3167 Rela-

240 3217 250 3238 ιι
269 3207 319 3240 tum
340 3205 364 3240 et
384 3195 413 3239 de
430 3193 510 3238 Cassio
532 3197 618 3238 Severo
635 3193 723 3248 exsule,
744 3193 785 3254 qui

240 3289 250 3310 ιι
269 3267 368 3312 sordidae
396 3264 505 3326 originis,
530 3264 640 3308 malefica
659 3265 720 3320 vitae,
744 3266 785 3310 sed

240 3360 251 3380 ιι
269 3338 351 3383 orandi
364 3337 462 3390 validus,
478 3351 521 3395 per
535 3334 673 3380 immodicas
687 3335 786 3381 inimici-

240 3430 251 3451 ιι
270 3410 323 3464 tias,
342 3418 367 3452 ut
384 3407 473 3467 judicio
485 3406 558 3466 jurati
577 3417 671 3451 senatus
690 3408 785 3452 Cretam

241 3503 251 3524 ιι
271 3490 429 3535 amoveretur,
451 3482 571 3534 effecerat,
591 3488 663 3539 atque
678 3478 727 3524 illic
746 3495 787 3524 ea·

241 3574 252 3595 ιι
271 3553 326 3598 dem
339 3551 459 3597 actitando
474 3550 577 3595 recentia
594 3561 722 3610 veteraque
734 3550 788 3596 odia

242 3647 252 3666 ιι
272 3625 383 3681 advertit,
406 3623 521 3683 bonisque
543 3633 636 3679 exutus,
661 3622 788 3668 interdicto

242 3718 252 3738 ιι
271 3697 321 3758 igni
337 3706 407 3758 atque
426 3712 496 3757 aqua,
513 3711 568 3740 saxo
585 3694 685 3757 Seripho
709 3710 789 3740 conse-

242 3790 252 3810 «
272 3769 330 3814 nuit.
349 3788 360 3809 o
377 3767 485 3829 St'en'eque
501 3768 524 3812 lc
539 3767 664 3813 rheteura
685 3766 749 3813 traci
766 3768 788 3813 le

241 3840 341 3900 pertrait
355 3841 385 3885 de
398 3840 490 3885 Cassius
503 3841 601 3885 Severus
614 3849 638 3885 et
650 3838 788 3885 caracterist's

240 3910 426 3971 sonttoquenee,
439 3913 544 3956 controv.
560 3912 603 3966 lll,
618 3912 689 3973 praef.
712 3918 725 3954 2
745 3913 756 3954 h
775 3918 788 3956 8

240 3980 401 4042 (edbursian,
414 3998 438 4042 p.
450 3980 512 4043 sto).
523 3979 559 4027 Cf.
574 3981 713 4038 Quintilien,
726 3984 756 4039 X,
766 3988 788 4036 t,

242 4059 301 4099 tto:
321 4074 332 4095 ιι
347 4054 371 4098 Si
391 4054 475 4098 ceteris
496 4052 620 4097 virtutibus
641 4053 743 4099 colorem
765 4065 789 4098 et

242 4145 253 4166 ιι
271 4125 409 4185 gravitatem
422 4123 535 4169 orationis
548 4124 681 4183 adjecisset,
695 4141 788 4185 ponen-

243 4217 254 4239 ιι
272 4197 315 4240 dus
329 4194 392 4239 inter
408 4195 538 4254 praecipuos
550 4193 628 4251 foret,
643 4212 697 4240 nam
714 4206 739 4241 et
754 4196 789 4240 in-

243 4289 254 4310 «
272 4266 335 4331 genii
349 4265 475 4325 plurimum
493 4275 529 4310 est
547 4266 572 4310 in
585 4282 613 4311 eo
631 4276 655 4312 et
674 4267 789 4313 acerbitas

244 4362 254 4383 ιι
272 4339 341 4394 mira,
350 4347 374 4382 ct
384 4336 503 4381 urbanitas
516 4336 565 4395 ejus
574 4352 673 4392 summa,
685 4338 726 4383 sed
736 4338 789 4398 plus

244 4433 255 4453 ιι
273 4409 394 4457 stomacho
407 4423 478 4470 quam
489 4407 586 4453 consilio
600 4408 675 4453 dedit.
691 4427 703 4449 s

274 4492 296 4530 3.
312 4479 419 4529 Flsxisse
438 4490 474 4526 est
489 4478 600 4539 employe
617 4495 668 4524 suns
685 4478 788 4538 eompli-

244 4550 788 4612 menteommedansd'autrespassagesdeTa·

244 4625 300 4682 cite,
313 4625 343 4670 cf.
360 4627 424 4671 Anu.
439 4625 459 4681 l,
476 4628 521 4680 3⁴3
536 4624 576 4679 tv,
589 4627 626 4668 ts.
638 4647 671 4658 -
682 4620 785 4677 Directu,

838 2408 923 2465 direct,
938 2423 990 2452 sans
1005 2407 1098 2455 detour.
1111 2409 1148 2456 Cf.
1163 2409 1213 2457 Cic.
1224 2426 1263 2470 pr.
1278 2410 1332 2458 Cael.
1346 2417 1384 2468 tt,

839 2486 863 2525 tt
882 2497 888 2526 ι
908 2499 919 2521 ιι
929 2479 1051 2525 Directum
1061 2480 1108 2526 iter
1120 2482 1149 2526 ad
1159 2482 1261 2527 laudem.
1274 2501 1286 2523 u

868 2557 892 2598 4.
913 2553 965 2597 Nou
983 2550 1123 2613 infirmitate
1142 2551 1232 2614 ingenii
1241 2569 1282 2598 uec
1293 2551 1386 2598 iuset'tt'u

839 2623 981 2667 litterarum.
998 2625 1045 2670 Car
1056 2623 1114 2668 c’est
1128 2626 1151 2669 le
1163 2625 1238 2670 talent
1254 2625 1347 2670 naturel
1362 2634 1386 2670 et

839 2696 860 2738 la
869 2695 960 2739 culture
972 2692 1087 2740 litteraire
1100 2695 1141 2756 qui
1153 2695 1255 2741 forment
1264 2697 1385 2753 l'orateur,

839 2781 892 2826 roy.
906 2766 943 2809 ch.
960 2781 989 2821 11,
1005 2773 1042 2812 ta.

872 2845 893 2883 t.
907 2837 948 2882 Ad
958 2835 1021 2882 illud
1032 2837 1128 2883 dicendi
1132 2854 1215 2899 genus,
1228 2840 1320 2883 e.-is-d.
1329 2839 1386 2884 dans

839 2909 1386 2971 cettenouvellemuniere,quis'ecartedutype

839 2980 963 3039 classique.

873 3057 928 3094 6-6.
954 3049 1046 3095 Judr'cio
1076 3061 1098 3096 et
1126 3051 1260 3106 intellectu,
1283 3069 1327 3113 par
1355 3069 1386 3097 uu

840 3120 908 3166 choix
922 3120 1050 3180 judicieux.
1070 3126 1114 3168 Sur
1133 3123 1274 3181 intellectus,
1294 3125 1324 3169 cf.
1347 3125 1383 3169 eh.

840 3198 965 3245 xxx1‚t³:
990 3213 1001 3234 ιι
1020 3195 1097 3240 Habet
1118 3193 1266 3241 intellectum
1290 3212 1385 3253 eorum,

841 3285 852 3306 ιι
872 3280 951 3325 quae...
965 3276 1130 3323 numerantur,
1145 3286 1156 3308 u
1178 3269 1242 3313 Atta.
1258 3269 1326 3324 Xlll,
1343 3274 1384 3314 to:
1478 3273 1480 3276 ’

842 3356 853 3378 ιι
871 3335 961 3392 Quibus
976 3336 1047 3382 altior
1061 3337 1204 3384 intellectus.
1221 3358 1232 3380 s

873 3415 895 3453 o.
925 3411 1038 3470 Namque,
1053 3408 1121 3470 place
1148 3409 1215 3471 apres
1237 3411 1261 3455 le
1284 3411 1388 3471 premier

841 3489 891 3524 suot
902 3481 961 3525 dela
970 3481 1107 3541 phrase,est
1119 3498 1164 3527 une
1176 3482 1336 3528 construction
1347 3482 1388 3544 qui

841 3566 866 3595 se
890 3562 1013 3598 rencontre
1036 3552 1089 3613 ddja
1115 3555 1171 3598 dans
1197 3554 1274 3599 Tite·
1287 3554 1342 3600 Live
1364 3565 1388 3599 et

842 3622 914 3682 qu'on
926 3632 1034 3669 retrouve
1048 3624 1105 3669 dans
1118 3624 1307 3682 Quinte-Curre,
1323 3626 1388 3671 Pline

842 3692 947 3739 t'Ancien
959 3703 984 3738 et
999 3693 1144 3751 Quintilien;
1157 3695 1188 3740 cf.
1200 3698 1304 3758 Drager,
1317 3701 1388 3758 Syut.

842 3782 865 3808 ιι.
883 3763 933 3809 Stil
954 3764 995 3808 des
1018 3768 1113 3810 Tacitus
1135 3765 1163 3828 ἓξ
1185 3774 1228 3813 632
1245 3779 1269 3814 et
1284 3775 1338 3815 227.
1358 3795 1390 3804 -

842 3834 918 3882 Paulo
933 3845 1002 3892 utute,
1020 3837 1119 3883 allusion
1131 3840 1144 3884 a
1158 3855 1185 3885 ce
1204 3841 1246 3900 qui
1263 3858 1274 3885 a
1293 3841 1331 3886 ete
1355 3841 1389 3886 dit

843 3908 896 3968 plus
908 3907 975 3963 haut,
988 3908 1026 3952 ch.
1040 3923 1114 3967 xvtn,
1130 3918 1153 3956 8.

874 3985 896 4023 7.
911 3982 969 4025 Cum
980 3979 1111 4027 condicione
1120 3993 1247 4047 temporum
1258 3995 1281 4029 et
1290 3983 1389 4030 diversi-

842 4061 890 4096 tate
899 4050 1000 4097 aurium.
1010 4054 1029 4098 ll
1037 4064 1091 4099 veut
1100 4054 1152 4100 dire
1162 4072 1208 4116 que
1222 4057 1244 4101 le
1255 4060 1312 4118 gout
1322 4054 1390 4101 littt-

843 4123 903 4168 raire
916 4123 1005 4186 change
1019 4142 1073 4170 avec
1083 4126 1106 4171 le
1118 4127 1236 4172 caractere
1248 4129 1289 4172 des
1299 4138 1390 4187 temps;

842 4192 1388 4254 l'eloqueneedoitdoncsemodilier‚elleaussi.

872 4271 895 4310 9.
910 4265 1154 4327 Impeditisst'marum.
1169 4267 1206 4314 Cl.
1225 4269 1307 4325 Quint.
1326 4271 1390 4323 Vlll,

842 4343 865 4392 a,
878 4342 921 4381 ta:
939 4356 950 4378 ιι
965 4338 1047 4384 Oratio
1059 4339 1129 4399 longa
1147 4349 1171 4384 ct
1186 4339 1310 4399 impedita,
1323 4348 1349 4383 ut
1366 4340 1391 4384 in

843 4427 854 4448 ιι
873 4407 1040 4468 quaestionibus
1058 4424 1111 4455 eam
1127 4409 1218 4468 judices
1231 4409 1333 4454 similem
1347 4425 1389 4471 ag-

842 4496 853 4517 ιι
872 4477 930 4523 mini
947 4479 1047 4524 totidem
1064 4480 1122 4525 lixas
1141 4479 1237 4525 habenti
1255 4490 1313 4540 quot
1328 4481 1389 4526 mili-

842 4563 854 4589 ι
872 4556 915 4600 tes,
931 4548 955 4592 in
969 4565 1016 4608 quo
1029 4559 1053 4595 et
1069 4565 1178 4597 numerus
1195 4560 1231 4596 est
1245 4552 1332 4613 duplex
1347 4569 1390 4599 nec

842 4638 854 4660 ιι
872 4619 970 4679 duplum
984 4619 1076 4666 virium.
1095 4639 1107 4663 s
