3196 5256
400 486 624 544 DlALOGUS
651 488 705 544 DE
733 487 1031 554 ORATORIBUS,
1061 483 1076 566 ῥ
1102 487 1165 546 s-t.
1320 491 1353 548 ‘ll

213 635 321 692 tentes
345 619 462 691 venire
487 621 691 715 plerumque
716 619 758 689 ad
782 619 945 712 juvenem
965 633 999 690 et
1019 644 1220 715 pauperem,
1243 633 1281 690 ut
1301 633 1358 692 aut

212 763 271 807 sua
294 752 352 807 aut
375 736 565 806 amicorum
592 733 791 806 discrimina
825 736 1080 806 commendent.
1113 737 1237 807 Ullane
1266 750 1358 808 tanta
1379 750 1412 804 10

211 854 402 951 ingentium
413 879 519 948 opum
532 879 572 923 ae
587 879 719 949 magnes
735 853 896 948 potentiae
912 855 1068 947 voluptas
1084 879 1187 948 (luam
1203 869 1358 948 spectare

211 970 369 1042 homines
386 986 521 1042 veteres
543 985 578 1040 et
602 995 700 1041 senes
722 984 757 1038 et
781 968 887 1038 totius
902 969 995 1037 orbis
1017 971 1124 1065 gratia
1145 969 1307 1040 subnixos
1323 970 1358 1039 in

211 1114 342 1188 summa
371 1113 488 1158 rerum
519 1085 673 1155 ornninm
703 1085 911 1156 abundantia
947 1085 1163 1171 confitentes,
1199 1086 1233 1156 id
1265 1086 1358 1182 quod

210 1206 379 1302 optimum
397 1205 440 1275 sit
456 1229 577 1274 senon
593 1202 745 1273 luthere?
759 1207 777 1270 J
780 1229 833 1271 am
853 1228 937 1272 vero
958 1202 1016 1297 qui
1031 1217 1228 1298 togatorum
1248 1205 1357 1273 comi-

210 1335 299 1392 tatus
314 1336 349 1392 et
363 1319 539 1416 egressus!
559 1321 644 1409 Qrue
670 1319 706 1387 in
729 1319 870 1413 publico
889 1317 1036 1412 species!
1058 1320 1144 1408 Quae
1167 1317 1202 1387 in
1218 1318 1358 1412 judiciis
1379 1332 1410 1383 15

211 1437 403 1508 veneratio!
428 1436 531 1527 Quod
561 1436 724 1532 gaudium
747 1435 978 1530 consurgendi
1003 1433 1249 1530 assistendique
1269 1434 1358 1506 inter

210 1568 361 1623 tacentes
383 1568 417 1623 et
439 1553 473 1621 in
493 1578 600 1621 unum
621 1551 820 1622 conversos!
846 1551 949 1621 Coire
964 1553 1132 1648 populum
1155 1567 1189 1622 et
1211 1553 1355 1622 circum·

210 1669 307 1739 fundi
330 1695 493 1739 coronam
519 1684 553 1738 ct
574 1668 732 1765 accipere
758 1670 930 1754 affectum,
961 1693 1215 1764 quemeumque
1240 1683 1357 1738 orator

207 1765 378 1858 induerit!
407 1788 555 1882 Vulgata
573 1785 762 1857 dicentium
785 1786 909 1882 gaudia
935 1802 969 1855 et
993 1784 1233 1880 imperitorum
1266 1812 1355 1881 quo-

240 2021 389 2064 Vastis-ras.
404 2045 434 2054 -
449 2026 484 2064 lo.
501 2019 564 2080 quod
581 2018 747 2065 Puteolanus.-
765 2019 828 2079 quod
840 2017 865 2062 id
879 2033 935 2073 mss,
944 2018 1009 2078 qnod
1026 2017 1084 2063 illud
1099 2017 1179 2065 ttutm.
1191 2044 1223 2053 —
1236 2025 1273 2063 ts,
1291 2034 1357 2064 coro·

210 2106 264 2138 uam
284 2090 435 2138 Acidulius:
456 2106 535 2136 cortun
555 2106 616 2145 mss;
633 2105 805 2152 quemcumque
826 2092 879 2142 LF;
896 2091 1092 2152 quandocumque
1114 2093 1164 2145 ἵν,
1184 2090 1287 2137 induerit
1305 2092 1356 2146 ΙΙΙ,1

211 2163 320 2210 indueret
333 2166 359 2210 V
359 2181 379 2208 ν,
397 2189 428 2199 -
446 2169 484 2209 lt).
498 2161 602 2224 vulgaris
621 2161 701 2208 trata.

208 2357 239 2368 ·-
254 2334 320 2393 ipsos
342 2331 398 2394 quio
418 2332 493 2377 inuno.
513 2336 557 2378 Sur
572 2334 595 2379 ln
608 2333 675 2393 place
693 2332 756 2378 inso-

209 2405 251 2450 lite
271 2404 362 2449 denote
379 2404 392 2449 ir
410 2403 468 2466 quiu
487 2403 555 2450 insuto
572 2407 629 2450 dans
651 2406 673 2450 la
694 2420 755 2464 pro-

208 2475 319 2537 position,
332 2492 405 2536 royez
416 2479 518 2537 Draeger,
531 2476 661 2537 Syutox,§
676 2481 720 2521 227
732 2486 755 2521 et

209 2546 239 2594 ef.
252 2550 329 2593 Germ.
345 2554 382 2593 ll.

241 2626 278 2665 ll.
296 2624 407 2681 Spectarc
424 2620 483 2664 n’est
496 2636 538 2680 pas
551 2619 636 2665 misici
651 2621 754 2681 unique-

208 2701 272 2738 ment
280 2707 341 2752 pour
353 2691 426 2737 ieviter
438 2692 461 2736 la
474 2690 603 2751 repitition
618 2693 648 2736 dc
661 2691 754 2749 sidere,-

207 2762 224 2807 il
237 2772 272 2807 est
282 2761 369 2823 justifis'e
380 2778 424 2822 por
433 2762 545 2821 voluptas,
558 2762 598 2823 qui
609 2762 719 2821 precede,
732 2773 755 2808 et

208 2835 225 2879 il
238 2834 354 2880 renierme
373 2833 443 2879 l‘ids'te
461 2836 490 2879 de
507 2835 617 2895 regnrder
630 2850 684 2879 avec
698 2851 755 2878 com·

204 2904 337 2966 plat'souee.

240 2983 278 3022 42.
293 2981 404 3022 Homines
419 2987 514 3034 veteres,
536 2979 578 3022 des
595 2979 701 3024 hommes
714 2979 755 3038 qui

208 3058 260 3094 sont
268 3064 310 3093 nos
321 3049 424 3104 enciens,
436 3049 477 3109 qui
486 3058 527 3094 ont
539 3049 675 3111 nnclongue
686 3049 755 3110 expi-

207 3119 285 3164 rienee
300 3121 342 3164 des
359 3120 443 3164 choses
458 3137 505 3181 que
518 3137 576 3165 nous
591 3136 754 3180 commencons

208 3193 220 3235 is
238 3193 367 3237 connoltre.
381 3193 509 3253 Prot-etse
522 3195 655 3252 cependant
676 3191 754 3238 font-il

208 3263 258 3307 voir
272 3264 330 3307 dans
348 3273 411 3308 cette
426 3263 532 3308 locution
548 3281 592 3309 une
610 3263 753 3309 antitheseis

209 3334 363 3392 l'expression
381 3335 400 3378 si
420 3349 509 3379 conone
528 3336 629 3381 lrorrriucs
650 3334 708 3380 novi.
723 3360 755 3368 -

211 3403 290 3449 Totius
310 3404 380 3460 orbis,
397 3405 548 3464 exageratiou
563 3406 618 3452 bien
640 3406 754 3450 naturelle

209 3477 238 3520 dc
257 3476 279 3519 la
296 3485 350 3535 part
370 3476 464 3536 d’Aper.
482 3481 545 3522 Pour
563 3477 624 3522 orbis
638 3476 664 3540 (i.
680 3493 702 3529 e,
718 3494 754 3520 or-

209 3545 390 3612 bissenorum),
405 3548 435 3595 el.
455 3551 517 3611 Agr.
536 3557 584 3595 30:
604 3569 614 3591 a
639 3553 754 3609 Raptorcs

209 3639 220 3661 α
234 3620 297 3665 orbis
305 3633 312 3681 ‚·
330 3640 341 3662 n
358 3620 421 3667 llt'st.
434 3624 454 3678 l,
464 3629 506 3667 lo:
522 3642 533 3662 a
545 3624 572 3667 In
584 3622 626 3668 hoc
647 3621 752 3667 concussi

207 3693 350 3738 orbismotu
365 3711 394 3751 ”3
409 3696 454 3750 ΙΙΙ,
469 3699 513 3750 39;
527 3695 557 3750 V,
567 3701 603 3740 25.

239 3771 276 3810 ts.
290 3768 318 3810 Iu
335 3782 424 3811 suntme
442 3782 517 3811 rerum
532 3766 686 3823 aburtduutia,
702 3782 754 3811 sou·

207 3836 273 3880 venir
289 3839 319 3882 de
334 3838 444 3894 Ciceron,
457 3841 552 3902 Brutus,
569 3846 606 3894 93,
622 3846 684 3885 320:
701 3859 711 3879 α
726 3840 754 3883 In

208 3925 219 3947 α
231 3907 336 3952 omnium
348 3924 425 3952 rerum
441 3909 589 3956 abundantia.
605 3930 616 3952 ι)

238 3985 277 4026 ll.
295 3983 444 4040 Togatorum,
463 3983 504 4026 des
516 3981 622 4041 citoyens
636 3982 692 4027 d'uu
706 3999 753 4026 eer-

206 4049 256 4096 rain
265 4066 333 4110 reug,
345 4067 387 4111 par
399 4051 536 4112 opposition
544 4069 599 4098 arec
610 4069 636 4098 ee
648 4054 704 4114 qu'il
712 4070 753 4113 ap

206 4124 295 4183 pellem
310 4124 364 4183 plus
384 4122 426 4167 bns
437 4123 520 4184 vulgus
533 4123 661 4183 imperitum
678 4135 703 4170 ct
718 4134 753 4168 tu-

205 4194 295 4239 nicatus
317 4194 417 4255 populus
441 4194 517 4259 (Dt'al.
538 4213 559 4240 e.
584 4211 631 4250 vu,
661 4194 707 4259 tt),
729 4208 753 4243 ct

206 4282 261 4311 avec
276 4267 310 4312 les
327 4267 430 4312 esclavcs
444 4269 501 4314 dont
514 4268 536 4312 le
548 4267 645 4328 cortege
658 4284 751 4313 necom-

205 4338 301 4399 pagnait
324 4339 347 4385 le
365 4345 451 4385 maltro
477 4341 534 4384 dans
554 4355 589 4384 ses
606 4339 697 4385 sorties.

238 4416 316 4455 tt-ts.
328 4411 456 4456 Comitatus
473 4421 495 4455 ct
509 4427 616 4472 egressus
629 4421 681 4456 sont
693 4413 755 4457 deux

206 4481 304 4541 pluriels
319 4481 382 4545 (roy.
396 4486 501 4544 llraegcr,
518 4500 567 4529 orsa.
586 4489 626 4533 cit.
643 4484 657 4544 5
676 4490 699 4539 2,
722 4482 754 4547 4),

206 4553 264 4597 dont
274 4555 296 4598 le
304 4555 389 4599 second
401 4556 482 4613 serait,
491 4556 548 4601 dans
561 4572 592 4600 un
606 4557 667 4616 style
680 4556 755 4601 moins

208 4622 312 4681 brillant,
328 4625 489 4686 complement
505 4629 536 4673 du
554 4628 659 4689 premier
675 4627 755 4692 (comi-

208 4704 271 4738 tatus
285 4694 310 4740 iu
321 4697 465 4760 egressibus).

844 2340 880 2378 ts.
908 2333 975 2392 Quod
988 2332 1111 2393 gaudium,
1133 2343 1179 2379 etc.
1193 2333 1308 2380 Souvenir
1326 2334 1356 2379 de

810 2403 915 2463 Ciceron,
931 2406 960 2449 dc
970 2407 1038 2449 Orat.
1054 2406 1074 2459 I,
1089 2413 1112 2461 8,
1127 2412 1152 2449 st
1172 2422 1202 2450 z«
1218 2405 1281 2464 Quid
1293 2405 1356 2450 enim

812 2496 822 2518 u
837 2485 872 2521 est
888 2485 936 2520 tarn
956 2475 1107 2536 admirabile,
1129 2492 1201 2537 quam
1215 2493 1243 2522 cx
1263 2476 1354 2522 infinita

812 2567 823 2588 n
837 2547 986 2592 multitudine
1008 2547 1110 2593 existere
1129 2564 1209 2604 ullum,
1230 2569 1240 2590 n
1264 2558 1309 2594 etc.
1325 2574 1356 2584 -

811 2618 1155 2681 consurgendiassr'steudt'quc.
1164 2623 1195 2665 Le
1208 2619 1313 2680 premier
1325 2622 1355 2667 de

809 2708 846 2736 ces
857 2692 946 2754 urbes,
962 2707 1107 2752 consurgere,
1123 2691 1213 2754 signifie
1227 2713 1238 2734 n
1253 2707 1277 2737 se
1292 2693 1356 2738 lever

810 2764 838 2807 de
853 2779 876 2806 sa
891 2764 958 2823 place
974 2760 1043 2824 (pour
1056 2760 1141 2826 parler)
1161 2782 1171 2803 υ
1186 2773 1210 2808 et
1224 2764 1246 2808 le
1258 2765 1355 2820 second,

809 2834 927 2890 assistere,
944 2856 954 2876 n
974 2851 998 2879 sc
1016 2833 1078 2879 tenir
1090 2835 1178 2880 debout
1192 2833 1231 2898 (en
1244 2845 1313 2881 avant
1325 2837 1355 2880 de

809 2904 964 2969 l’assemblie)
983 2926 1004 2950 s.

841 2986 878 3024 tr.
898 2978 973 3033 Coire,
992 2989 1037 3023 ete.
1056 2981 1089 3025 Ce
1111 2988 1164 3024 sont
1185 2980 1227 3024 ‹lcs
1249 2978 1355 3024 infinitils

809 3049 964 3096 exclamatifs.
979 3050 1016 3095 Cf.
1030 3050 1091 3106 cte„
1108 3050 1132 3095 iu
1149 3054 1219 3098 Verr.
1234 3053 1267 3106 ΙΙ,
1279 3058 1301 3104 5,
1315 3058 1355 3102 38,

810 3131 854 3169 400
873 3141 878 3168 :
902 3142 913 3165 α
931 3126 951 3168 O
972 3123 1129 3182 spectaculum
1153 3123 1306 3169 miserum...!
1328 3126 1354 3169 ln

810 3206 879 3256 portu
900 3200 1046 3256 Syracusano
1066 3197 1094 3239 de
1113 3196 1185 3240 classe
1204 3194 1286 3257 populi
1305 3198 1354 3241 Ro-

808 3268 871 3312 mani
885 3266 1029 3328 triumphum
1042 3282 1112 3328 agere
1122 3267 1267 3328 pirotnrn...!
1284 3288 1295 3309 u

842 3346 878 3384 ts.
897 3338 1012 3397 Irtduerit,
1031 3356 1071 3384 car
1083 3339 1199 3385 l'ornteur
1212 3340 1256 3385 snit
1278 3350 1356 3385 eatrer

808 3412 868 3456 dares
885 3404 920 3455 les
936 3410 1015 3456 divers
1031 3411 1170 3457 sentiments
1189 3428 1236 3472 qne
1252 3413 1287 3458 lui
1304 3429 1356 3474 sug·

809 3482 893 3542 g'erent
911 3483 945 3528 les
965 3483 1091 3528 differente
1116 3485 1190 3542 sujets
1205 3487 1235 3530 de
1251 3501 1286 3530 ses
1308 3485 1355 3530 dis·

809 3571 885 3600 cours.
900 3555 1009 3601 D’sntres
1023 3558 1152 3602 entendent
1172 3573 1263 3602 comme
1280 3557 1300 3602 si
1315 3556 1353 3602 iu-

808 3629 876 3672 duere
902 3625 960 3673 erait
984 3627 1013 3672 ici
1040 3643 1170 3687 synonyme
1195 3629 1302 3673 d'iudere
1324 3643 1354 3673 on

809 3697 936 3760 d'injicere.
951 3699 1011 3744 llinis
1026 3708 1063 3743 cet
1073 3699 1162 3759 emploi
1176 3701 1207 3744 dn
1222 3709 1273 3744 mot
1284 3700 1356 3745 serait

809 3769 863 3816 bien
881 3769 1076 3815 extraordinsire.
1091 3771 1153 3829 Quoi
1172 3771 1230 3831 qu'il
1252 3787 1282 3816 en
1298 3771 1355 3828 soit,

808 3841 824 3885 il
838 3858 852 3900 y
870 3857 882 3883 n
897 3843 918 3884 li
931 3857 1022 3886 comme
1036 3858 1066 3886 un
1080 3843 1189 3887 souvenir
1201 3842 1230 3888 de
1246 3840 1354 3899 Ciciron,

808 3914 836 3958 de
854 3915 919 3957 Orat.
936 3914 955 3962 Ι,
978 3917 1015 3967 ts,
1032 3920 1083 3958 87:
1108 3933 1119 3954 u
1140 3913 1181 3960 Uti
1206 3929 1296 3967 eorum,
1313 3915 1353 3976 qui

810 3984 927 4037 audirent,
947 3984 979 4028 sic
1004 3982 1151 4031 efficerentur
1173 3986 1255 4039 animi,
1270 3996 1295 4030 ut
1315 4002 1355 4032 eos

810 4055 871 4100 affici
882 4057 953 4101 vellet
965 4076 976 4096 α
988 4068 1077 4102 orator.
1090 4077 1101 4098 a
1117 4057 1155 4103 (ΣΙ.
1173 4059 1221 4103 cie.
1234 4061 1302 4104 Brut.
1315 4064 1355 4113 ta,

811 4134 863 4172 tss.
870 4153 901 4161 -
911 4127 1019 4189 Vulgata
1029 4139 1064 4175 est
1075 4128 1185 4191 euplique
1195 4147 1239 4191 par
1249 4131 1284 4175 les
1294 4141 1356 4176 mots

807 4199 847 4258 qui
867 4198 957 4244 suivent
978 4215 983 4245 :
1004 4199 1160 4260 imperitorum
1176 4219 1264 4263 quoque
1282 4201 1356 4247 oeulis

809 4271 922 4331 exposito.
941 4273 960 4317 ΙΙ
979 4273 1040 4318 n’cst
1053 4274 1113 4319 donc
1126 4289 1168 4334 pas
1182 4290 1313 4336 synonyme
1326 4276 1356 4320 de

809 4342 932 4402 castigarum
946 4345 962 4388 il
978 4360 1090 4390 conservo
1110 4362 1151 4390 son
1169 4362 1222 4391 sens
1242 4363 1332 4408 propre
1349 4362 1356 4392 t

810 4416 914 4474 rr'puudu
926 4417 985 4461 daus
999 4416 1020 4461 le
1029 4418 1120 4478 public,
1129 4434 1211 4481 eontra,
1226 4419 1322 4463 notoirc.
1337 4420 1356 4464 Α

810 4503 849 4531 ees
858 4488 1003 4546 jouissnnces
1017 4490 1058 4550 qui
1067 4491 1177 4536 tontbent
1190 4506 1242 4535 sous
1252 4492 1286 4535 les
1294 4505 1356 4549 yeux

811 4560 840 4604 de
853 4570 905 4605 tout
917 4561 939 4605 le
952 4563 1048 4615 monde,
1064 4565 1128 4622 Aper
1141 4580 1169 4607 en
1182 4577 1273 4621 oppose
1287 4561 1354 4605 d'au-

811 4642 859 4676 tres
872 4633 924 4691 plns
936 4632 1032 4678 intimes
1042 4632 1187 4694 (secretiora)
1198 4641 1221 4676 et
1236 4633 1290 4691 plus
1301 4648 1357 4693 pro-

811 4698 905 4750 londes.
