3196 5256
338 512 563 574 DIALOGUS
590 519 644 573 DI}
671 519 964 586 out'rontntts
992 514 1027 597 ἐξ
1055 521 1170 578 33-34.
1287 523 1325 578 73

182 649 323 735 ditatio,
362 648 576 718 meditationi
612 650 776 735 facultas,
809 650 961 720 facultati
1001 677 1086 721 usus
1120 653 1324 747 eloquentiae

181 764 334 835 accedat.
358 767 430 844 Per
448 790 523 859 quae
551 766 725 862 colligitur
741 765 886 836 eandem
905 792 978 836 esse
998 767 1167 837 rationem
1187 784 1222 837 et
1242 794 1324 863 per-

93 960 101 977 .
181 880 337 976 cipiendi,
357 907 432 975 quae
460 881 614 976 proferas
640 898 674 951 et
698 882 899 978 proferendi
920 909 995 977 quae
1024 884 1232 978 perceperis.
1257 884 1326 953 Sed>

179 998 206 1067 si
234 984 300 1066 cui
315 994 514 1066 obscuriora
535 997 608 1067 lraee
626 998 787 1068 videntur
812 999 908 1092 isque
929 998 1106 1068 scientiam
1124 1001 1165 1068 ab
1188 1001 1324 1070 exerci-

173 1109 308 1183 tatione
326 1129 471 1207 separat,
491 1113 575 1181 illud
594 1129 687 1184 certe
708 1114 888 1198 concedet,
907 1114 1112 1184 instructum
1132 1130 1165 1185 et
1184 1116 1324 1210 plenum
1343 1133 1377 1184 25

180 1229 232 1298 his
247 1229 377 1299 artibus
396 1229 548 1298 animum
570 1231 671 1325 longe
695 1230 903 1325 paratiorem
924 1230 966 1298 ad
987 1256 1043 1300 eas
1063 1231 1324 1301 exercitationes

180 1361 375 1430 venturum,
397 1371 473 1440 quae
490 1347 638 1440 propriae
657 1372 729 1416 esse
747 1361 923 1416 oratorum
937 1347 1110 1416 videntur.

230 1464 394 1531 XXXIV.
416 1465 509 1557 Ergo
536 1463 628 1556 apud
664 1465 811 1557 majores
846 1479 981 1532 nostros
1006 1465 1142 1555 juvenis
1172 1465 1240 1551 ille,
1264 1466 1323 1560 qui

180 1578 256 1647 soro
274 1593 308 1647 et
322 1578 526 1674 eloquentiae
547 1579 743 1672 parabatur,
762 1580 912 1648 imbutus
926 1581 996 1671 jam
1015 1580 1201 1650 domestica
1219 1581 1324 1650 disci-

178 1695 283 1789 plina,
308 1693 455 1764 refertus
479 1694 631 1764 honestis
649 1695 768 1764 studiis
798 1696 1035 1766 deducebatur
1058 1722 1077 1765 a
1107 1710 1204 1792 patre
1224 1697 1279 1766 vel
1305 1723 1324 1766 a

178 1811 381 1906 propinquis
397 1810 439 1879 ad
457 1836 536 1880 eum
554 1826 739 1897 oratorem,
764 1813 823 1907 qui
840 1813 1034 1908 principem
1054 1812 1090 1880 in
1114 1813 1250 1882 civitate
1270 1813 1323 1883 lo-

178 1951 257 1994 cum
272 1925 460 1996 obtinebat.
487 1930 588 1996 Hunc
609 1927 744 2019 sectari,
770 1927 864 1996 hune
884 1929 1061 2023 prosequi,
1083 1927 1184 2021 hujus
1208 1929 1323 1997 omni·
1343 1947 1359 1996 5

177 2043 241 2111 bus
261 2041 470 2111 dictionibus
485 2043 651 2113 interesse
672 2044 743 2112 sive
758 2043 794 2111 in
807 2043 946 2137 judiciis
964 2042 1034 2113 sive
1050 2044 1085 2111 in
1106 2045 1324 2113 contionibus

177 2159 402 2244 assuescebat,
427 2160 473 2229 ita
491 2175 529 2229 ut
541 2160 782 2230 altereationes
800 2185 939 2254 quoque
960 2160 1135 2253 exciperet
1151 2173 1185 2230 ct
1200 2160 1323 2255 jurgiis

178 2274 358 2346 interesset
381 2289 488 2371 utque
515 2277 563 2345 sic
588 2276 746 2361 dixerim,
775 2300 931 2371 pugnare
956 2276 991 2344 in
1014 2276 1136 2372 proelio
1159 2275 1319 2346 disceret.

176 2395 323 2487 Magnus
338 2417 378 2461 ex
399 2392 465 2461 hoc
482 2419 575 2477 usus,
598 2393 742 2462 multum
763 2392 975 2476 constantiae,
999 2392 1186 2485 plurimum
1200 2392 1323 2485 judicii

172 2507 357 2603 juvenibus
390 2509 503 2578 statim
533 2509 766 2603 contingebat,
793 2508 828 2576 in
858 2507 970 2577 media
998 2508 1074 2576 luce
1106 2507 1323 2577 studentibus
1344 2528 1377 2580 10

205 2784 356 2830 Vulturnus.
369 2809 400 2818 -
419 2791 456 2830 21.
476 2800 529 2829 usus
540 2783 664 2830 Acidaliae
677 2802 685 2827 .·
697 2785 731 2828 uis
743 2801 772 2827 ou
786 2783 822 2828 ius
831 2799 886 2828 mss.
905 2809 936 2819 -
953 2790 990 2828 23.
1005 2782 1141 2844 perceperis
1153 2787 1188 2829 rF
1200 2801 1207 2826 .·
1221 2783 1323 2843 percipis

178 2857 228 2902 VL.
247 2881 279 2891 —
295 2862 335 2920 ²⁵?
349 2855 414 2900 illud.
431 2853 501 2901 DF.-
515 2856 577 2901 istud
591 2859 646 2912 Vt,
659 2855 683 2900 id
700 2873 720 2900 v.
736 2880 766 2890 —

779 2861 817 2899 26.
830 2855 976 2915 paratiorem
992 2854 1140 2916 Juste-Lr'pse
1155 2873 1163 2898 .·
1179 2866 1262 2914 parate
1277 2859 1322 2911 Vr,

174 2936 259 2987 paratu
271 2943 333 2972 eorr.
345 2930 375 2979 L,
392 2938 473 2988 aperte
486 2930 515 2972 F.
529 2954 559 2962 -
574 2934 612 2972 27.
634 2943 683 2972 esse
702 2938 823 2972 oratorum
834 2927 950 2987 Agricola
964 2947 972 2971 .·
984 2936 1008 2972 et
1022 2936 1159 2971 ornatorum
1172 2924 1209 2989 (ou
1222 2937 1322 2971 oramu-

175 2997 235 3061 rum)
248 3014 303 3044 nrss.
315 3024 347 3033 —
361 3000 468 3046 XXXIV.
485 3006 507 3044 7.
524 2999 672 3058 exciperet...
693 2999 818 3044 interesset
832 2997 921 3044 Bellier
931 3016 939 3042 .·
949 2998 1088 3058 excipere...
1100 2998 1212 3044 interesse
1224 3014 1279 3042 mss.
1291 3024 1323 3034 -

175 3076 197 3115 9.
210 3073 309 3132 Magnus
319 3087 390 3115 eorrr.
404 3074 439 3116 L:
452 3086 549 3132 magnos
561 3073 627 3118 t'vr.

204 3275 242 3312 22.
252 3269 356 3315 Eartdcru
364 3268 562 3324 esseratiouem,lu
569 3269 680 3314 rudtlrode
687 3280 721 3314 cst

173 3338 722 3401 larnime,qu’ils'ugissed'apprendreeequ'on

172 3411 222 3456 doit
229 3426 329 3470 exposer
335 3427 364 3455 ou
370 3411 494 3471 d'cxposer
504 3428 529 3456 ce
537 3411 625 3472 qu'ona
632 3412 720 3471 appris.

203 3489 282 3528 22-23.
291 3481 444 3543 Percipieudi
452 3501 502 3545 quae
510 3485 602 3545 reseras
613 3483 721 3544 rnppellc

171 3563 244 3609 artes,
269 3563 293 3598 et
305 3553 445 3616 proferendi
460 3571 509 3616 quae
521 3553 655 3615 perceperis
679 3552 721 3598 sait

171 3641 257 3686 conger
264 3627 276 3669 it
284 3625 468 3670 exercitationes.
475 3628 510 3670 En
519 3628 575 3670 estet
585 3642 642 3669 nous
651 3641 721 3669 avons

171 3713 200 3740 ru
215 3713 261 3758 que
277 3697 471 3757 l'enseignement
487 3696 612 3757 theorique
628 3695 720 3759 (artes),

171 3784 200 3812 en
214 3767 374 3828 dirveloppant
396 3769 417 3813 Ia
437 3768 548 3814 reillexion
570 3767 720 3831 (meditatio),

170 3850 295 3902 augmento
310 3839 343 3885 les
355 3838 430 3884 forces
439 3840 618 3885 intellectuelles
632 3840 721 3904 (suerri

170 3908 216 3973 tus)
234 3921 258 3955 et
271 3912 328 3955 rend
345 3911 366 3954 ta
378 3912 488 3972 pratique
502 3910 574 3975 (usus)
583 3912 635 3970 plus
648 3910 719 3956 aisie.

169 3983 206 4027 De
218 3983 294 4028 meme
311 3983 345 4027 les
357 3983 474 4028 exereices
488 3984 609 4043 pratiques
622 3982 722 4044 (exerci-

169 4052 278 4116 tationes)
297 4063 398 4098 mettent
416 4071 444 4098 en
461 4055 502 4114 jeu
521 4056 555 4099 les
575 4048 721 4100 merresta-

170 4123 243 4169 eultts
260 4135 285 4169 et
300 4124 443 4170 aboatissent
462 4143 491 4170 au
506 4129 582 4170 meme
597 4126 703 4170 resultat.

199 4198 306 4242 XXXIV.
324 4204 346 4242 t.
368 4200 433 4257 Ergo
454 4199 542 4257 repond
565 4199 577 4241 it
591 4213 722 4257 persequar

169 4283 229 4312 nunc
241 4267 417 4313 exercitationes
425 4286 503 4314 eorum
513 4268 560 4333 (eh.
569 4283 663 4323 xxxiii,
673 4267 718 4328 ts).

201 4346 223 4384 3.
240 4342 349 4400 Apatre.
368 4341 432 4386 C'est
447 4340 505 4385 ainsi
515 4357 561 4401 que
572 4341 671 4384 Cict'eron
685 4339 720 4383 fut

169 4411 265 4456 eonduit
278 4427 322 4472 par
336 4429 377 4457 son
385 4410 442 4472 pirre
456 4415 467 4456 ir
477 4413 573 4457 Scevola
587 4410 664 4473 (Brut.
679 4418 719 4466 89,

169 4481 233 4545 308),
244 4493 324 4544 etque
337 4485 419 4530 catius
430 4483 464 4529 sut
474 4485 496 4528 le
508 4483 605 4543 diseiple
613 4484 642 4528 de
653 4483 720 4528 ciet-

169 4569 211 4598 ron
221 4552 280 4616 (Cic.
291 4572 335 4616 pro
345 4556 400 4602 Cael.
410 4562 433 4611 t,
445 4556 563 4613 9;Quint.
571 4557 627 4609 XII,
637 4562 675 4611 tt,
686 4554 717 4618 6).

200 4630 253 4671 s-t.
271 4627 319 4672 Vct
342 4643 357 4671 a
376 4627 524 4690 propinquis,
547 4630 559 4671 ir
582 4626 663 4672 disant
686 4628 718 4672 du

168 4696 226 4762 pere
240 4708 312 4746 mort.

808 3278 829 3314 6.
848 3267 1001 3314 Dietiouibus.
1013 3271 1045 3313 Le
1056 3278 1106 3313 mot
1119 3278 1154 3312 est
1166 3268 1214 3328 pris
1225 3268 1256 3313 ici
1266 3269 1322 3312 dans

774 3340 914 3400 I'aeeeption
926 3341 947 3384 la
960 3340 1012 3399 plus
1022 3340 1086 3401 large
1098 3357 1103 3385 ε
1117 3360 1128 3381 u
1140 3341 1153 3384 it
1163 3350 1215 3386 tout
1227 3356 1253 3384 ee
1265 3340 1322 3401 qu'il

745 3421 753 3433 '
775 3411 853 3457 disait.
867 3432 877 3452 n

807 3490 829 3528 7.
845 3484 1026 3528 Altercutr'oues.
1036 3485 1073 3526 En
1083 3493 1158 3527 terme
1169 3484 1198 3527 de
1209 3483 1282 3538 droit,
1291 3500 1321 3528 on

775 3554 862 3598 entend
875 3570 918 3613 par
931 3554 1055 3598 altereutt'o
1069 3555 1091 3597 la
1106 3554 1210 3598 muniere
1226 3555 1255 3598 dc
1271 3554 1321 3598 dis-

775 3636 842 3669 cuter
854 3642 898 3669 une
914 3625 994 3668 affaire
1005 3640 1048 3682 par
1057 3625 1177 3684 questions
1193 3636 1216 3669 et
1229 3635 1322 3669 comtes

775 3696 899 3755 rt'rpouses3
921 3695 944 3739 le
965 3705 1015 3739 mot
1041 3695 1149 3754 s'oppose
1174 3697 1186 3739 t
1209 3705 1322 3755 perpetuu

773 3767 857 3822 oratio,
878 3787 889 3808 u
910 3766 1034 3825 plaidoyer
1052 3782 1083 3810 ou
1102 3765 1206 3810 discours
1227 3766 1293 3810 snivi.
1310 3785 1321 3807 u

775 3837 811 3884 Cf.
828 3839 920 3883 Cie.ad
931 3837 1005 3884 Attio.
1024 3839 1044 3895 I,
1064 3844 1102 3891 te,
1120 3845 1133 3881 8
1153 3853 1157 3880 :
1180 3857 1191 3878 «ι
1211 3837 1322 3883 Clodium

774 3920 914 3970 praesentem
932 3908 992 3970 fregi
1007 3910 1030 3953 in
1042 3919 1133 3963 senatu,
1146 3924 1199 3952 cum
1213 3908 1321 3954 oratione

774 3991 889 4041 perpetua
904 3980 1037 4040 plenissima
1051 3979 1172 4041 gravitatIs
1184 3989 1234 4022 tum
1247 3979 1320 4023 alter-

775 4052 874 4098 catione.
884 4050 1032 4109 „Quintilien
1042 4067 1053 4095 a
1065 4050 1142 4095 donni
1153 4050 1186 4094 les
1196 4048 1321 4110 prdecptes

775 4125 805 4168 du
819 4139 901 4183 genre,
914 4125 955 4172 vt.
969 4128 992 4167 4.

807 4203 828 4239 8.
849 4198 907 4241 tu...
925 4193 959 4238 sse
974 4193 1082 4238 dixerim.
1100 4193 1136 4240 Cf.
1153 4196 1255 4258 Draeger,
1270 4211 1320 4240 ortu.

775 4266 815 4310 cit.
828 4266 933 4327 552462
946 4272 975 4309 28
988 4267 1008 4312 b.

805 4344 827 4382 9.
846 4337 949 4383 Multum
960 4337 1101 4382 crustaruiae.
1120 4338 1139 4382 Il
1157 4337 1226 4400 s‘agit
1243 4339 1273 4384 ici
1292 4340 1321 4383 de

773 4411 921 4464 l'assurance,
935 4409 976 4469 qui
987 4408 1064 4454 donne
1077 4412 1089 4453 t
1102 4410 1216 4455 l'orateur
1228 4412 1248 4454 la
1262 4409 1320 4468 prir-

773 4497 841 4526 senee
854 4481 960 4540 d’esprit.

805 4559 843 4598 to.
860 4555 890 4598 Iu
899 4552 976 4596 media
989 4551 1048 4597 luce.
1059 4552 1095 4599 CI.
1105 4553 1154 4598 Cic.
1164 4555 1228 4597 Brut.
1238 4558 1262 4606 8,
1272 4556 1299 4594 32
1313 4566 1319 4593 e

774 4645 784 4665 «
799 4624 895 4668 Forensi
906 4624 971 4678 luec3
988 4643 998 4664 u
1015 4624 1097 4679 Quint.
1111 4624 1166 4678 XII,
1177 4630 1201 4679 2,
1215 4630 1228 4666 8
1244 4637 1249 4665 r
1267 4641 1277 4662 u
1294 4622 1319 4666 In

773 4696 814 4740 hae
829 4693 874 4739 fori
887 4695 946 4739 luce.
963 4713 974 4735 u
