3196 5256
278 459 315 514 30
660 455 866 511 CORNELI!
896 443 1041 508 TAClTl

332 593 537 674 allevem,
563 585 685 682 inquit,
707 603 741 656 et
767 611 879 656 sermo
904 583 966 655 iste
991 583 1122 654 infinita
1144 586 1319 680 voluptate
1344 586 1424 655 affe·

228 721 260 773 15
280 704 392 790 cisset,
418 719 520 798 atquo
546 703 580 771 id
607 703 718 797 ipsum
744 703 902 787 delectat,
940 701 1034 796 quod
1059 727 1130 788 vos,
1159 701 1222 770 viri
1249 701 1370 796 optimi
1393 716 1428 772 et

281 837 475 916 temporum
497 835 694 889 nostrorum
716 834 882 904 oratores,
904 844 974 887 non
997 817 1190 887 forensibus
1207 833 1340 887 tantum
1362 843 1426 887 ne-

280 937 381 1034 gotiis
406 954 440 1008 et
457 935 701 1006 declamatorio
724 935 837 1004 studio
862 934 999 1030 ingenia
1024 949 1136 1005 vestra
1161 934 1339 1020 exercetis,
1366 934 1426 1005 sed

282 1053 463 1147 ejusmodi
487 1053 588 1123 etiam
612 1051 859 1147 disputationes
881 1050 1061 1136 assumitis,
1090 1077 1165 1145 quae
1193 1067 1227 1121 et
1250 1050 1426 1146 ingenium

282 1171 377 1238 alunt
401 1185 435 1240 et
458 1167 661 1239 eruditionis
685 1195 723 1236 ac
748 1169 939 1238 litterarum
964 1167 1251 1260 jucundissimum
1278 1169 1425 1237 oblecta·

228 1307 262 1360 20
282 1300 435 1356 mentum
454 1309 532 1353 cum
549 1283 656 1368 vobis,
681 1284 739 1379 qui
760 1284 822 1353 ista
840 1284 1031 1379 disputatis,
1053 1285 1214 1371 afferunt,
1234 1298 1306 1353 tum
1325 1280 1427 1354 etiam

282 1401 334 1488 iis,
354 1401 396 1470 ad
411 1426 559 1496 quorum
577 1425 677 1470 aures
692 1399 925 1495 pervenerint.
947 1403 1066 1494 ltaque
1085 1399 1202 1470 hercle
1221 1427 1292 1469 non
1315 1400 1428 1470 minus

282 1518 420 1614 probari
448 1516 549 1586 video
575 1517 610 1585 in
639 1531 684 1603 te,
716 1517 886 1602 Secunde,
920 1517 1013 1611 quod
1042 1517 1123 1585 Julii
1142 1517 1293 1587 Africani
1324 1517 1425 1587 vitam

284 1633 524 1728 componendo
547 1659 643 1729 spem
661 1632 856 1702 bominibus
878 1632 988 1702 fecisti
1011 1632 1162 1727 plurium
1185 1635 1257 1728 ejus
1279 1633 1371 1702 modi
1389 1633 1425 1703 li-

283 1752 437 1835 brorum,
458 1775 560 1845 quam
579 1749 613 1819 in
638 1753 744 1844 Apro,
764 1749 858 1844 quod
874 1748 1030 1819 nondum
1047 1751 1088 1817 ab
1107 1749 1317 1820 scholasticis
1342 1776 1427 1819 eon-

230 1865 459 1937 retroversus
482 1867 624 1937 recessit
645 1883 679 1937 et
707 1867 814 1936 otium
839 1893 939 1936 suum
969 1869 1098 1936 mavult
1119 1894 1289 1937 novorum
1313 1867 1426 1939 rheto-

284 2009 362 2054 rum
380 2008 476 2053 more
494 2009 597 2077 quam
614 1998 771 2053 veterum
789 1998 965 2052 oratorum
982 2007 1197 2055 consumere.
1231 2012 1247 2050 b

333 2100 412 2168 XV.
432 2101 521 2166 Tum
537 2101 631 2193 Aper
651 2123 665 2167 :·
681 2128 697 2165 a
715 2100 796 2169 Non
814 2098 950 2185 desiniS,
972 2101 1141 2188 Messalla,
1164 2115 1280 2171 vetera
1297 2115 1429 2170 tantum

285 2213 472 2310 etantiqua
492 2214 621 2301 mirari,
642 2229 840 2284 nostrorum
857 2230 971 2284 autem
996 2231 1190 2312 temporum
1215 2217 1326 2287 studia
1348 2215 1429 2286 irri-

286 2331 368 2402 dere
386 2346 488 2426 atque
513 2346 748 2402 contemnere.
770 2332 859 2404 Nam
883 2331 976 2401 bunc
1002 2347 1099 2401 tuum
1125 2361 1318 2406 sermonem
1340 2359 1429 2428 saepe

286 2446 417 2544 excepi,
440 2475 518 2518 cum
536 2448 661 2519 oblitus
677 2463 796 2519 ettuae
819 2462 853 2519 et
874 2447 987 2518 fratris
1014 2449 1063 2518 tui
1088 2451 1293 2545 eloquentiae
1317 2450 1429 2522 nemi-

316 2654 466 2702 Vsaraxrss.
479 2677 510 2690 -
526 2657 563 2701 tt.
578 2670 633 2700 vero
645 2651 698 2703 ed.:
713 2669 767 2699 vere
777 2669 836 2708 mss,·
850 2653 894 2700 iste
903 2653 992 2701 Halm:
1005 2654 1056 2715 ipse
1070 2671 1124 2701 mss.
1141 2662 1217 2702 -to
1232 2655 1370 2703 eruditionis
1382 2656 1429 2704 σά..-

286 2724 430 2772 eruditiones
444 2742 499 2776 mss.
511 2750 542 2762 -
550 2735 587 2771 22.
601 2726 705 2772 Africani
717 2724 866 2787 Nipperdey:
879 2727 976 2772 Asiatici
987 2743 1042 2772 mss.
1053 2751 1085 2762 -··
1096 2731 1146 2773 XV.
1157 2735 1177 2773 t.
1187 2731 1240 2774 Noa
1252 2733 1348 2775 Lmum
1361 2731 1387 2775 V
1387 2731 1421 2774 vr
1424 2763 1428 2773 .

317 2800 367 2846 Nc,
388 2804 424 2844 tt.
438 2800 493 2858 Ipsa
503 2815 531 2843 ne
543 2808 601 2858 peut
613 2811 655 2857 pas
671 2799 769 2842 restcra
785 2813 852 2842 cause
865 2797 897 2842 de-
908 2799 934 2842 td
946 2799 1030 2858 ipsum,
1045 2799 1085 2859 qui
1099 2799 1153 2845 suit.
1168 2802 1236 2846 Halm
1249 2818 1260 2844 a
1274 2799 1321 2845 tris
1336 2800 1431 2860 simple-

287 2881 351 2915 ment
364 2867 455 2931 corrigit
467 2871 489 2914 la
505 2870 577 2916 laute.
596 2893 626 2903 -
641 2875 678 2913 22.
692 2868 798 2913 Asiatici
810 2884 839 2913 nc
851 2880 909 2929 peut
922 2879 1006 2927 rester,
1020 2872 1031 2913 it
1045 2870 1119 2915 moins
1131 2872 1202 2931 qu'on
1212 2889 1240 2917 ne
1251 2873 1372 2917 soutienne
1386 2888 1430 2932 que

287 2941 405 2988 Secundus
417 2940 478 2984 avait
491 2939 550 2985 e'crit
561 2941 583 2984 la
596 2939 735 3000 biographie
755 2939 810 2983 d'un
825 2939 920 2984 homme
941 2941 999 2984 dont
1018 2940 1132 2986 l'histoirc
1152 2960 1163 2986 a
1182 2943 1256 3001 perdu
1276 2953 1341 2987 toute
1357 2954 1429 2987 truce.

287 3014 333 3057 Car
345 3011 361 3055 il
372 3011 432 3056 n'est
445 3026 487 3070 pas
500 3011 615 3070 probable
626 3011 698 3070 qu'on
710 3010 778 3054 ‹loive
789 3025 873 3071 songcr
882 3011 912 3055 ici
923 3013 934 3055 is
946 3028 972 3055 ce
982 3026 1138 3073 personnage,
1148 3013 1267 3058 d'ailleurs
1279 3014 1327 3058 fort
1337 3016 1430 3067 obscur,

286 3083 316 3126 ‹le
332 3080 405 3126 lulius
418 3081 532 3126 asiaticus
549 3097 594 3141 que
611 3081 721 3127 Vitellius
734 3083 761 3126 [lt
774 3081 863 3127 mourir
874 3098 929 3127 avec
942 3083 1023 3127 Flavus
1036 3093 1060 3129 et
1072 3086 1167 3130 Rufinus
1182 3100 1242 3145 pour
1256 3085 1321 3130 avoir
1332 3096 1431 3130 soutcnu

287 3152 385 3208 Vindex,
401 3151 431 3200 ef.
445 3152 509 3198 Hist.
524 3154 554 3208 ll,
568 3158 607 3198 94.

288 3278 365 3339 tiques
377 3279 434 3323 dont
449 3294 475 3322 ce
488 3278 591 3323 discours
609 3285 644 3321 est
662 3278 756 3337 templi,
775 3276 833 3323 ainsi

288 3365 333 3411 que
346 3366 403 3394 nous
418 3349 503 3395 l'avons
514 3367 552 3396 vu.

321 3425 398 3466 st-ta.
412 3424 453 3484 Et,
469 3422 538 3482 aussi,
558 3438 649 3469 eomtue
667 3437 737 3477 vous3
754 3431 832 3482 atquc,

288 3503 312 3538 et
338 3492 378 3554 (pu
403 3494 457 3554 plus
485 3504 571 3552 ost....;
595 3495 663 3555 mais,
684 3495 739 3539 d'un
767 3504 833 3538 autre

288 3564 371 3615 eote...

889 3299 899 3321 a
919 3289 1025 3324 veterum
1042 3280 1129 3326 habere
1141 3296 1188 3326 non
1206 3280 1304 3338 timeas;
1321 3281 1359 3326 ltic
1373 3297 1431 3326 con-

889 3372 899 3393 «
917 3351 1019 3405 citatior,
1037 3354 1078 3397 scd
1096 3354 1120 3398 iu
1134 3369 1187 3399 cura
1208 3355 1331 3399 verborum
1348 3354 1432 3398 nimius

889 3443 899 3464 a
919 3434 943 3468 et
964 3424 1135 3484 compositione
1156 3441 1322 3486 nonnunquam
1341 3425 1434 3484 longior

889 3516 900 3537 a
919 3506 943 3541 et
956 3497 1146 3543 translationibus
1157 3514 1241 3557 parum
1254 3498 1367 3542 modicus.
1383 3516 1394 3535 n

320 3645 357 3686 to.
371 3640 487 3684 Oratores.
504 3641 566 3685 Pour
580 3640 602 3685 le
620 3655 671 3685 sens
683 3639 713 3683 de
729 3653 756 3682 ce
774 3647 832 3690 mot,

288 3726 341 3771 roy.
354 3711 391 3756 eh.
406 3725 425 3773 1,
437 3728 460 3759 n.
475 3716 497 3756 t.

321 3788 357 3828 tt.
371 3783 544 3829 Deciumatorio
554 3781 631 3829 studio
646 3782 754 3843 s'oppose
769 3779 833 3842 isso-

287 3853 392 3899 rensibus
404 3854 503 3915 negotiis
514 3865 537 3900 et
550 3855 646 3915 disigne
659 3865 711 3900 tous
721 3855 755 3898 les
767 3867 834 3896 exer-

288 3925 349 3969 eices
362 3942 408 3986 que
421 3927 455 3971 les
468 3938 575 3971 orateurs
590 3926 699 3971 laisaieut
712 3927 768 3969 daus
784 3924 834 3967 leur

288 3997 426 4055 particulicr
445 4014 505 4058 pour
526 4014 550 4042 se
567 3996 683 4058 preparer
701 4013 745 4042 aux
761 3997 833 4041 luttes

289 4068 319 4110 du
334 4068 442 4113 barreau.

320 4144 357 4182 22.
371 4138 435 4183 Jult'i
445 4138 567 4201 Africani.
584 4140 671 4186 C'etait
685 4157 715 4185 un
728 4139 833 4194 Gaulois3

289 4209 304 4252 il
318 4207 386 4253 vieeut
400 4211 412 4252 a
423 4212 497 4255 Rome
512 4227 565 4256 sous
580 4214 602 4257 le
617 4212 688 4272 rigae
701 4213 730 4255 dc
746 4210 833 4265 Nirea,

288 4289 312 4324 et
329 4279 460 4336 Quintilien
477 4283 498 4325 le
515 4293 563 4326 met
580 4299 618 4327 sur
635 4285 656 4327 la
676 4283 753 4327 urente
772 4281 835 4342 ligne

289 4351 536 4412 ‹prcDomitiusllfer,
545 4355 693 4398 [astiterat.
703 4357 732 4417 X,
747 4360 765 4407 t,
781 4360 789 4396 t
800 4360 833 4396 ts:

290 4443 301 4463 κ
319 4425 406 4468 Eorum
419 4439 478 4484 quos
492 4424 591 4469 viderim
608 4424 724 4470 Domitius
741 4423 797 4468 Afer
811 4433 835 4468 ct

290 4515 300 4536 s
320 4495 393 4540 Julius
408 4494 528 4541 Africanus
546 4496 615 4556 longo
634 4493 834 4555 prestantissimi:

291 4588 301 4607 ιι
321 4568 444 4612 verborum
456 4577 507 4612 arte
522 4567 572 4623 illc,
590 4576 614 4612 ct
630 4577 681 4612 toto
697 4582 784 4627 genere
801 4566 837 4611 di-

292 4659 302 4678 ιι
321 4639 390 4684 cendi
402 4637 569 4699 praeferendus,
584 4648 608 4683 et
620 4653 691 4700 quem
704 4637 728 4684 in
739 4654 836 4683 numero

919 3573 957 3615 24.
976 3569 1052 3626 Quam
1070 3568 1096 3614 ia
1112 3571 1184 3629 Apro.
1201 3570 1219 3613 ll
1236 3586 1251 3628 y
1267 3584 1279 3612 a
1297 3569 1354 3612 dans
1370 3577 1432 3610 cette

888 3639 996 3684 derni'erc
1009 3640 1087 3698 partie
1099 3641 1129 3685 de
1141 3641 1162 3684 la
1176 3640 1260 3700 phrase
1274 3655 1318 3683 une
1329 3640 1373 3681 fine
1386 3637 1432 3680 iro-

887 3711 926 3756 nic
939 3711 979 3772 qui
994 3711 1124 3772 u'sichappe
1142 3712 1208 3771 pasis
1225 3713 1289 3771 Aper
1302 3718 1325 3755 ct
1338 3710 1394 3771 qu'il
1408 3726 1432 3752 sc

888 3783 943 3827 bate
955 3783 985 3827 dc
998 3783 1089 3828 relever
1101 3783 1142 3828 dis
1157 3785 1191 3829 les
1205 3783 1320 3843 premicrs
1332 3792 1392 3826 mots
1404 3783 1433 3825 de

888 3871 911 3898 sa
924 3853 1032 3914 reponsc.
1044 3880 1076 3890 —
1085 3855 1199 3909 Nomium,
1211 3870 1253 3915 pas
1266 3872 1359 3909 encore,
1373 3854 1432 3898 mal-

888 3921 928 3985 grt'·
946 3925 979 3968 lcs
992 3924 1157 3970 sollicitations
1174 3925 1204 3970 de
1224 3942 1260 3970 ses
1280 3926 1337 3971 amis
1355 3923 1394 3984 qui
1412 3924 1433 3967 lc

888 4006 995 4054 pressent
1018 3997 1048 4042 dc
1072 3997 1164 4042 revenit·
1187 3999 1199 4040 ir
1224 3999 1245 4042 la
1272 3997 1374 4043 munii-rc
1394 3995 1435 4038 (les

890 4069 982 4113 anciens
999 4079 1114 4114 oratcuss.

884 4192 888 4200 ⁵
921 4147 998 4186 atat.
1016 4139 1169 4186 Scholasticis
1189 4139 1351 4185 controversiis.
1370 4138 1387 4180 ll
1406 4152 1434 4180 cu

889 4228 940 4256 sera
954 4213 1062 4273 question
1075 4230 1103 4258 au
1116 4213 1153 4258 ch.
1167 4227 1247 4264 xxxv,
1257 4217 1284 4256 43
1295 4219 1319 4254 et
1329 4208 1385 4252 suiv.

920 4287 971 4329 XV.
992 4290 1012 4328 l.
1032 4286 1081 4330 Non
1096 4282 1192 4328 desinis.
1209 4286 1271 4327 unns
1286 4282 1319 4324 lcs
1336 4280 1435 4323 interro-

889 4354 981 4414 gatious
1002 4357 1041 4416 qui
1061 4355 1196 4415 expriment
1218 4351 1387 4398 l'ittonnemcut
1404 4368 1434 4394 ou

890 4427 911 4470 le
922 4424 998 4485 diepit,
1009 4443 1039 4470 on
1053 4427 1113 4470 n'cst
1128 4440 1169 4484 pas
1182 4434 1239 4469 tenu
1251 4422 1395 4482 ‹l'exprimer
1412 4424 1432 4467 la

890 4496 1004 4555 particule
1019 4495 1195 4556 interrogative.

922 4573 944 4612 t.
962 4567 1060 4627 Excepi,
1072 4584 1100 4611 au
1118 4566 1166 4611 lieu
1176 4567 1207 4610 du
1221 4576 1296 4610 terme
1309 4568 1362 4626 plus
1373 4568 1435 4613 oreli-

891 4637 956 4682 naire
975 4637 1063 4683 auilivi.
1083 4637 1119 4683 Gi.
1138 4637 1174 4681 ch.
1192 4651 1261 4692 xxix,
1278 4645 1302 4682 to
1325 4654 1331 4684 s
1351 4659 1362 4681 a
1378 4642 1430 4685 Ser·

1123 4836 1282 4928 A
