3196 5256
254 445 272 498 Ι
637 450 842 509 CORNELII
868 458 1011 513 'l‘thl'l'l

256 598 346 656 tores
372 601 551 655 vocantur.
585 587 649 655 Cui
674 586 925 681 percontationi
950 605 1014 658 tua)
1038 590 1249 685 respondere
1276 605 1399 659 ettam

255 729 388 797 magum
422 703 619 797 quaestionis
654 705 789 798 pondus
819 706 990 800 excipere,
1020 723 1058 776 ut
1092 723 1150 776 aut
1180 708 1222 776 de
1253 705 1400 802 ingeniis

256 819 381 888 nostris
398 821 487 887 male
510 819 771 890 existinnmtlmu
789 825 849 907 sit,
871 822 898 891 si
919 823 1008 893 idem
1030 824 1163 919 assequi
1185 850 1256 893 non
1278 849 1400 918 possu-

202 943 235 995 10
256 961 343 1020 nms,
368 950 427 1004 aut
447 934 489 1004 de
506 935 656 1029 jmliriis,
681 937 706 1005 si
728 938 898 1024 nolumus,
927 940 981 1007 rix
1007 939 1148 1009 bertulo
1171 940 1346 1025 auderem,
1374 938 1400 1007 si

257 1051 341 1120 mihi
360 1078 434 1122 mea
453 1053 620 1121 sententia
640 1052 848 1147 proferenda
869 1080 907 1122 ae
930 1080 1000 1122 non
1023 1054 1336 1141 disertissimorum,
1364 1069 1402 1122 ut

257 1168 381 1237 nostris
416 1167 641 1264 temporibus,
677 1169 856 1238 hominum
894 1196 1006 1239 sermo
1046 1172 1254 1266 repetendus
1299 1185 1397 1255 esset,

257 1311 343 1380 quos
369 1284 512 1355 eandem
544 1284 633 1354 hanc
658 1284 882 1381 questionem
909 1304 1156 1383 pertractantes
1179 1289 1315 1383 juvenis
1339 1287 1402 1357 ad-

258 1403 399 1471 modum
416 1400 543 1471 audivi.
571 1406 711 1471 Itanon
734 1404 884 1499 ingenie,
909 1405 968 1474 sed
991 1405 1155 1475 memoria
1182 1421 1224 1491 et⁸
1238 1405 1402 1504 reeorda—
1457 1477 1461 1484 ,
1551 1482 1557 1492 ,

204 1529 237 1581 15
258 1519 351 1588 tione
374 1544 460 1614 opus
477 1533 538 1605 est,
561 1534 599 1587 ut
618 1527 693 1614 quae
712 1547 730 1589 a
750 1522 1036 1616 praestantissimis
1055 1521 1137 1591 viris
1158 1537 1192 1592 et
1213 1521 1403 1619 excogitata

258 1635 428 1706 subtiliter
446 1651 480 1705 et
499 1634 589 1705 dieta
610 1636 760 1732 graviter
780 1639 910 1734 accepi,
935 1666 1014 1708 eum
1034 1639 1159 1736 singuli
1180 1640 1330 1710 diversas
1349 1641 1403 1710 vel

258 1753 393 1824 easdem
414 1769 549 1849 partes
578 1771 742 1852 egerent,
775 1756 834 1826 sed
860 1756 1068 1851 probabiles
1084 1783 1200 1827 causas
1225 1759 1399 1844 afferrent,

258 1870 340 1938 dum
369 1869 514 1939 formam
541 1870 593 1941 sui
615 1870 761 1966 quisque
789 1888 823 1942 et
849 1872 952 1943 animi
980 1889 1014 1943 et
1044 1874 1173 1970 ingenii
1202 1874 1400 1958 redderent,

258 1984 379 2055 iisdem
399 2013 491 2056 nuuc
514 1988 666 2058 numeris
684 1989 876 2084 iisdemque
896 1991 1085 2069 rationibus
1102 2015 1302 2087 persequar,
1331 2016 1404 2060 ser-

203 2117 237 2173 20
257 2118 335 2173 vato
355 2103 477 2173 ordine
498 2104 748 2200 disputationis.
773 2109 897 2201 Neque
916 2105 1006 2176 enim
1026 2107 1138 2178 defuit
1154 2108 1212 2202 qui
1236 2108 1403 2179 diversant

288 2339 439 2390 Vuamurns.
453 2361 484 2374 —
497 2339 516 2386 1.
531 2346 552 2383 a.
573 2339 604 2383 sit
624 2338 781 2400 Juste-Lipse.
796 2364 827 2374 -
842 2345 870 2384 tr
888 2338 925 2383 rel
942 2341 1037 2385 easdem
1056 2351 1137 2400 partes
1150 2349 1247 2402 agerent
1261 2341 1350 2386 Peter:
1370 2339 1406 2385 vel

258 2414 352 2458 easdem
362 2428 416 2457 mss.
427 2418 502 2457 -tu
512 2411 640 2456 redderent
647 2413 672 2457 V
672 2413 707 2456 L:
719 2412 831 2456 redderet
844 2413 1029 2472 vr·,·1›ersequu
1038 2412 1198 2466 Puteoleuus;
1213 2427 1341 2472 prosequar
1350 2427 1405 2457 mss.

288 2486 329 2530 ΝΟ
344 2481 422 2543 (Neres
439 2481 565 2545 erier'ques).
589 2509 621 2518 -
641 2490 677 2528 17.
691 2482 800 2528 Diversus
819 2483 855 2528 rel
876 2484 968 2529 easdem
983 2494 1063 2545 partes
1082 2493 1187 2544 agerent.
1200 2487 1274 2529 Notre
1289 2484 1356 2543 leqon
1372 2493 1408 2527 est

258 2557 317 2602 eelle
330 2556 359 2601 de
373 2560 399 2602 C.
411 2560 491 2603 Peter.
503 2559 565 2601 'l'ons
581 2557 615 2601 les
627 2556 742 2616 critiques
754 2565 808 2600 sont
821 2555 970 2615 aujourrl'lmi
983 2556 1101 2609 d'aeeord,
1115 2558 1127 2599 ἰ(
1142 2572 1169 2601 ee
1184 2555 1241 2616 qu'il
1254 2555 1354 2611 semble,
1369 2571 1408 2599 sur

258 2628 440 2690 l’impossibilitt'·
452 2630 481 2675 de
496 2628 624 2674 mainteuir
636 2629 658 2672 la
674 2630 742 2688 leqou
759 2628 946 2674 traditionnelle.
960 2631 992 2675 Le
1005 2638 1056 2673 mot
1068 2644 1152 2674 retusus
1165 2625 1298 2688 s'upplique
1311 2627 1407 2671 denseo

258 2718 365 2763 praesage,
376 2717 423 2745 nou
435 2701 566 2745 seulement
578 2717 623 2745 aux
635 2717 714 2745 causes
727 2701 756 2745 de
769 2702 791 2745 la
804 2699 937 2747 diteadenee
952 2702 983 2745 de
1000 2699 1147 2761 l'eloquenee
1161 2701 1173 2744 ὲ
1186 2701 1270 2755 Rome,
1284 2697 1344 2743 mnis
1356 2713 1407 2742 sur·

259 2784 310 2818 tout
325 2789 367 2818 aux
383 2771 537 2832 explications
550 2773 607 2817 dnus
622 2773 746 2833 lesquelles
761 2782 856 2818 entrent
869 2776 942 2832 Aper,
955 2772 1061 2818 Messalla
1080 2782 1104 2816 et
1118 2774 1247 2817 Maternus.
1263 2772 1296 2815 Or
1315 2770 1331 2814 il
1349 2768 1408 2815 u'est

258 2861 300 2905 pas
313 2845 360 2890 rrai
373 2846 403 2890 de
420 2844 471 2889 (lire
484 2860 530 2903 que
543 2845 576 2890 les
588 2844 770 2890 interlocuteurs
785 2853 826 2889 out
839 2846 879 2889 des
894 2845 1033 2889 sentimeuts
1051 2843 1193 2888 semblables
1207 2839 1325 2904 (eusdem).
1343 2846 1407 2901 Sup-

258 2916 356 2977 primer,
366 2932 426 2976 pour
438 2916 509 2960 sortir
521 2917 795 2977 d'rrnlurrrus,quelques
807 2927 868 2961 mots
884 2932 914 2960 ou
928 2914 1005 2960 meme
1018 2931 1063 2960 une
1076 2913 1226 2975 proposition
1241 2913 1340 2969 entiere,
1351 2912 1409 2957 c'est

259 3005 289 3032 un
303 2988 398 3032 rembde
412 2997 466 3046 trop
483 2985 606 3048 hiero‘ique.
619 2989 741 3042 peut-‚ene
758 2988 845 3032 taut-il
862 2987 941 3032 mieux
956 2988 1073 3031 admettre
1088 2987 1148 3047 qu’il
1162 3003 1174 3046 y
1189 3003 1200 3029 a
1215 2983 1245 3029 ici
1258 3000 1303 3029 une
1315 2985 1408 3039 lactine,

258 3075 349 3104 comme
362 3070 430 3104 notre
442 3069 507 3104 texte
522 3076 551 3105 en
562 3058 672 3119 presente
688 3061 918 3105 nrallreureusement
933 3068 984 3103 taut
996 3059 1107 3103 d'autres.
1121 3061 1148 3104 C.
1161 3061 1231 3103 l'eter
1245 3056 1275 3102 l'u
1292 3053 1408 3111 eomblire,

259 3139 339 3175 autaut
353 3131 424 3191 qu'on
437 3129 532 3191 ponvait
549 3132 571 3176 le
584 3129 652 3186 faire,
667 3148 695 3175 en
711 3141 841 3191 proposant
859 3131 1012 3176 d’iuterealer
1026 3140 1108 3191 partes
1125 3138 1225 3190 agerent
1238 3139 1305 3173 entre
1318 3127 1408 3174 easdem

258 3213 282 3248 et
292 3204 340 3247 sed.
350 3206 385 3248 En
398 3207 463 3258 ellel,
472 3204 528 3247 dans
541 3213 603 3248 cette
613 3203 640 3262 ln
647 3203 756 3262 potlrese,
769 3205 870 3248 ‹lirersus
882 3202 1015 3263 s'applique
1030 3202 1168 3262 irl'opinion
1183 3202 1272 3260 d'rlper
1284 3216 1323 3245 sur
1338 3200 1408 3245 l’elo-

258 3290 348 3336 qnence
364 3274 393 3320 de
409 3291 451 3320 son
466 3285 552 3336 temps,
567 3275 664 3334 opinion
679 3276 827 3320 absolument
841 3273 945 3335 opposbe
964 3276 975 3318 a
992 3275 1050 3319 celle
1067 3276 1096 3319 de
1114 3289 1150 3318 ses
1168 3272 1241 3329 amis}
1260 3272 1352 3317 easdem
1367 3269 1411 3316 tait

258 3348 357 3392 allusion
376 3349 388 3390 b
404 3345 505 3391 l'aecord
521 3348 550 3391 de
565 3347 675 3392 Messalla
691 3357 715 3392 et
731 3348 761 3392 de
777 3350 907 3402 Maternus,
924 3356 947 3391 et
959 3344 1095 3408 probabiles
1111 3355 1166 3390 veut
1183 3343 1233 3389 dire
1249 3360 1294 3405 que
1310 3354 1363 3390 tous
1377 3342 1411 3387 les

258 3430 392 3482 argtunents
406 3419 522 3482 produits,
534 3421 610 3464 inertie
623 3435 680 3465 ceux
691 3419 788 3480 d'Aper,
800 3419 914 3466 n’titaient
926 3436 968 3479 pas
980 3435 1032 3465 sans
1045 3418 1136 3463 raleur.

290 3584 514 3647 tl·ltt.1ngeuiir....
535 3581 647 3648 judiciis,
673 3595 740 3630 notre
767 3594 805 3629 ta-

261 3656 350 3704 lent...
364 3669 432 3704 notre
445 3660 510 3719 gout.

292 3739 369 3778 tt-ta.
382 3734 410 3778 Ut
423 3730 509 3777 uostris
519 3731 664 3793 teurporr'bas.
675 3732 743 3776 (lette
757 3743 804 3775 res·

261 3801 356 3851 trictiou
374 3818 462 3865 prout'e
475 3802 528 3864 ‹ttja
542 3818 587 3865 que
599 3803 681 3850 'l'urite
701 3821 729 3848 ne
747 3801 807 3847 eruit

261 3889 303 3938 pus
318 3879 330 3921 a
346 3874 495 3922 l'exeellrnre
516 3873 557 3921 ‹les
581 3887 686 3922 orateurs
712 3877 741 3920 de
766 3888 807 3919 son

262 3955 348 4009 temps.

295 4025 332 4065 te.
346 4020 490 4081 Repetendus
503 4030 569 4064 esser.
584 4019 619 4064 (if.
633 4020 681 4067 Cic.
696 4018 724 4065 de
738 4022 805 4065 Orat.

264 4088 283 4145 l,
293 4099 315 4147 6,
328 4096 369 4138 23:
386 4112 396 4133 ι(
410 4097 614 4153 Repetuntque...
627 4108 664 4147 ea,
674 4106 724 4153 qtae
735 4103 808 4152 quom

265 4182 276 4204 a
295 4165 349 4207 dam
362 4164 441 4223 nreepi
452 4164 475 4208 in
487 4175 619 4208 nostrorum
631 4164 750 4209 homiuum
760 4164 809 4207 elo*

265 4253 276 4276 a
295 4235 541 4296 quentissimormn...,
567 4234 726 4295 disputatione
759 4249 808 4280 esse

266 4325 277 4351 u
294 4318 394 4353 versata.
409 4326 421 4350 u

298 4385 334 4424 Ι-Ι,
354 4379 470 4425 Meritoria
489 4391 509 4425 et
528 4382 694 4437 rrrurdrttr'ortr,
718 4392 809 4425 ((ιιιιιιιι·

265 4452 379 4499 tuernerr'oe
395 4454 568 4509 recondidere,
586 4454 615 4498 rs.
631 4455 679 4498 (tie.
696 4454 723 4497 (Ιι.Ι
739 4458 808 4499 (bar.

268 4528 287 4582 l,
301 4533 323 4581 2,
337 4532 349 4580 ,ί
362 4543 386 4570 2«
402 4528 434 4570 ,te
451 4525 509 4569 milri
525 4528 653 4585 repetenda
671 4536 704 4569 est
724 4525 811 4569 ueteris

267 4619 278 4640 a
296 4584 415 4657 rujrmdum
429 4597 547 4641 unumuia¹
564 4615 609 4642 uon
627 4615 680 4643 saue
698 4597 753 4642 satis
770 4614 810 4641 en·

267 4690 278 4711 a
297 4669 383 4731 plicatu
397 4668 538 4715 recordatio.
557 4690 567 4709 u

897 3592 934 3629 to.
953 3585 1009 3630 Cum
1025 3581 1116 3644 singuli
1130 3580 1244 3636 diversas,
1265 3589 1310 3625 ete.
1331 3580 1412 3641 Voyez

864 3660 914 3703 Nl).

900 3736 935 3774 17.
946 3727 1081 3774 I’robubiles
1092 3741 1182 3783 causes,
1192 3727 1232 3770 des
1242 3723 1334 3769 misens
1343 3723 1411 3784 plau·

866 3800 946 3845 sibles.

901 3878 934 3916 l8.
948 3875 979 3917 Et
999 3871 1073 3917 um'uu'
1089 3882 1111 3916 rt
1128 3868 1227 3932 ingenii,
1242 3869 1264 3913 la
1279 3865 1374 3929 passion
1387 3872 1412 3911 ct

867 3943 1044 4005 l'itnagiuation.
1059 3943 1095 3990 Cf.
1109 3944 1158 3989 (lie.
1174 3943 1202 3987 de
1216 3943 1284 3986 Orat.
1300 3940 1343 3995 ΙΙΙ,
1361 3945 1411 3993 :bu

867 4027 889 4060 rt
903 4018 958 4061 Tae.
972 4017 1039 4063 Drat.
1052 4032 1096 4062 uxr
1106 4017 1157 4079 stu,
1171 4015 1200 4059 ou
1218 4014 1252 4057 les
1273 4013 1334 4056 deux
1350 4019 1412 4054 rums

866 4099 918 4134 sont
932 4106 1015 4135 encore
1028 4088 1137 4149 opponis.

902 4170 935 4206 tt).
950 4162 1035 4206 Iisdem
1047 4178 1107 4205 artur
1119 4158 1221 4204 uurueris
1234 4156 1359 4217 iisdemque
1373 4169 1413 4199 ru·

867 4235 977 4290 eontra,
991 4251 1019 4278 ru
1028 4243 1122 4295 pussant
1136 4232 1221 4291 parles
1233 4232 1322 4273 trientes
1334 4225 1414 4285 points

867 4317 891 4351 rt
910 4323 964 4350 aree
983 4308 1016 4350 les
1038 4306 1126 4350 triennes
1142 4302 1288 4348 deductibus.
1308 4295 1412 4351 Numeri,

868 4380 923 4423 r'est
943 4388 1096 4438 proprement
1114 4379 1147 4421 les
1168 4376 1244 4419 ‹lirers
1264 4372 1357 4416 articles
1373 4365 1413 4431 qui

868 4451 1013 4495 ruustitueut
1027 4465 1057 4493 un
1069 4459 1163 4508 comptu
1175 4447 1305 4508 (rationes).

902 4530 940 4568 20.
956 4527 1052 4565 Ser-euro
1073 4520 1154 4564 oralr'ue
1173 4514 1346 4580 eliminationis.
1369 4516 1414 4559 (les

868 4604 929 4637 rnots
942 4602 1042 4652 peurent
1055 4592 1156 4636 semblrr
1169 4590 1262 4634 inutiles
1275 4584 1343 4646 apres
1356 4599 1414 4629 reux

872 4666 911 4726 qui
936 4663 1077 4724 pririulent3
1107 4661 1163 4707 mais
1188 4663 1288 4706 l'auteur
1314 4656 1373 4702 tieut
1402 4657 1413 4699 ir
