3196 5256
359 465 585 522 DIALOGUS
613 466 668 522 DE
694 465 993 531 O'RATORIBU&
1022 460 1057 544 ἒξ
1084 466 1199 523 ἓ3-Ξίι.
1317 467 1354 526 53

208 601 365 670 Materne
384 624 423 668 ac
444 598 615 683 Secunde,
637 597 683 666 ita
701 597 858 693 gravitati
876 623 1038 667 sensuum
1059 597 1207 667 nitorem
1228 612 1262 667 et
1279 598 1355 666 cul-

208 731 281 784 turn
314 716 499 784 verborum
533 714 693 799 miscetis,
730 739 769 783 ea
801 713 923 783 electio
955 713 1174 799 inventionis
1212 713 1239 781 is
1268 713 1355 781 ordo

209 858 337 918 rerum,
357 857 406 917 ea,
426 831 585 927 quotiens
604 857 704 901 causa
719 830 841 926 poscit,
861 832 1010 916 ubertaS,
1031 856 1082 916 ea,
1102 829 1260 925 quotiens
1278 855 1354 924 per·

209 949 323 1035 mittit,
352 948 573 1034 brevitas,is
605 947 863 1043 compositionis
889 948 1007 1033 decor,
1037 973 1075 1016 ea
1109 946 1355 1018 sententiarum
1376 974 1408 1026 55

210 1065 353 1161 planitas
379 1080 440 1150 est,
467 1064 515 1134 sic
540 1064 729 1159 exprimitis
753 1066 908 1149 allectus
938 1064 985 1133 sic
1008 1063 1200 1134 libertatem
1220 1079 1355 1158 tempe-

209 1182 302 1267 ratis,
325 1196 363 1250 ut
382 1181 484 1250 etiam
507 1181 533 1249 si
552 1196 668 1250 nostra
685 1180 814 1275 judicia
832 1181 1024 1276 malignitas
1040 1195 1074 1251 et
1092 1180 1218 1249 invidia
1237 1180 1355 1251 tarda-

211 1298 309 1383 verit,
331 1323 451 1367 verum
467 1296 510 1367 de
527 1297 624 1366 vobis
640 1297 765 1367 dicturi
783 1298 850 1367 sint
864 1297 992 1391 posteri
1008 1297 1128 1366 nostri.
1151 1326 1166 1370 u

259 1417 390 1483 XXIV.
416 1416 501 1503 Quae
533 1439 612 1482 cum
633 1418 726 1508 Aper
745 1413 895 1498 dixisset,
928 1442 943 1479 ιι
968 1411 1219 1508 Agnoscitisne,
1247 1411 1358 1506 inquit

210 1534 400 1616 Maternus,
419 1529 489 1599 vim
506 1545 540 1602 et
556 1531 716 1600 ardorem
740 1529 824 1625 Apri
846 1528 979 1599 nostri?
996 1531 1075 1618 Quo
1091 1543 1258 1613 torrente,
1288 1554 1357 1622 quo

210 1647 341 1743 impetu
357 1647 519 1716 saeculum
534 1662 691 1716 nostrum
708 1645 880 1716 defendit!
902 1648 1015 1735 Quam
1036 1645 1175 1741 copiose
1200 1671 1239 1714 ac
1264 1644 1357 1714 varie

210 1764 344 1835 vexavit
361 1764 535 1860 antiquos!
557 1767 695 1854 Quanto
712 1775 784 1833 non
799 1764 909 1833 solum
926 1763 1065 1859 ingenio
1086 1790 1124 1832 ac
1141 1762 1274 1857 spiritu,
1297 1762 1356 1832 sed

211 1879 313 1950 etiam
329 1879 522 1950 eruditione
543 1895 577 1952 et
595 1895 667 1951 arte
685 1881 727 1949 ab
745 1880 826 1975 ipsis
844 1895 1017 1949 mutuatus
1036 1894 1087 1950 est
1103 1903 1166 1975 per
1183 1904 1258 1973 quae
1278 1903 1357 1946 mox
1377 1907 1393 1957 5

212 1997 302 2092 ipsos
318 1997 519 2068 incesseret!
539 2001 653 2066 Tuum
668 2013 794 2083 tamen,
818 1998 988 2082 Messalla,
1010 1996 1217 2092 promissum
1236 1995 1355 2064 immu-

211 2129 297 2183 tasse
315 2140 386 2184 non
406 2114 520 2184 dehet.
549 2117 672 2209 Neque
694 2114 786 2191 enim
805 2113 1022 2184 defensorem
1044 2114 1265 2207 antiquorum
1285 2110 1358 2181 exi-

211 2229 334 2326 gimus,
358 2256 423 2300 nec
449 2257 657 2326 quemquam
680 2246 849 2317 nostrum,
878 2256 1074 2325 quanquam
1099 2229 1203 2298 modo
1232 2227 1359 2297 laudati

211 2374 338 2434 sumuS,
361 2347 401 2418 iis
415 2374 501 2443 quos
519 2347 703 2419 insectatus
720 2363 770 2418 est
786 2349 880 2442 Aper
897 2373 1148 2441 comparamus.
1163 2347 1212 2414 Ae
1227 2369 1271 2416 ne
1287 2344 1359 2440 ipse

212 2463 352 2558 quidem
370 2463 415 2533 ita
434 2464 547 2550 sentit,
574 2465 634 2534 sed
655 2490 752 2535 more
774 2463 883 2533 veteri
909 2478 943 2534 et
960 2489 978 2533 a
995 2462 1120 2532 nostris
1144 2460 1359 2557 philosophis
1383 2492 1413 2545 10

242 2678 393 2724 Venitures.
408 2704 440 2713 —
454 2684 491 2722 24.
511 2694 587 2723 rernm
603 2695 630 2723 ea
647 2656 765 2740 Wopkens
777 2698 785 2724 :
799 2693 877 2722 rerum
895 2689 919 2722 et
931 2693 993 2734 mss3
1008 2676 1128 2737 permittit
1143 2676 1178 2720 ed.
1198 2673 1361 2735 :permittitur

211 2764 304 2794 mse-
316 2756 354 2794 26.
370 2744 472 2809 plinitas
487 2753 515 2795 L.
528 2753 652 2796 -xxttc
666 2757 689 2795 8.
705 2759 811 2795 nostrum
830 2749 956 2796 Acidaliae
968 2767 977 2794 .·
991 2759 1125 2793 nostrorum
1144 2764 1199 2793 mss.
1214 2772 1245 2782 -
1261 2753 1284 2792 t).
1302 2761 1360 2807 qnos

212 2820 338 2866 insectatus
355 2823 400 2870 Vh
414 2839 422 2865 .·
437 2835 496 2882 quos
512 2823 582 2867 modo
597 2821 724 2867 insectatus
745 2825 787 2867 vF.
803 2847 834 2857 -
851 2827 889 2867 to.
902 2821 988 2865 nostris
1000 2822 1060 2868 VL:
1076 2819 1160 2865 vestris
1173 2822 1213 2865 vF.

243 2973 280 3012 96.
299 2966 418 3024 Florales,
434 2965 534 3024 nettete,
552 2967 635 3013 elartis.
654 2970 687 3014 Ce
705 2979 754 3014 nrot

211 3055 239 3084 ne
252 3055 277 3084 se
290 3049 415 3085 rencontre
428 3055 470 3101 pas
488 3040 597 3098 ailleurs;
613 3040 670 3085 mais
686 3040 756 3087 Cice-

210 3126 253 3155 ron
275 3109 412 3170 aemploye
433 3109 550 3170 l'adjeetif
558 3110 647 3172 planus
664 3129 718 3157 avec
733 3114 755 3157 le

211 3180 286 3225 meme
305 3196 366 3237 sens,
384 3179 459 3242 Topie.
480 3187 520 3237 26,
543 3188 571 3227 97
588 3198 594 3227 :
613 3201 623 3223 ι
642 3182 755 3228 Efficien-

213 3271 224 3293 ιι
240 3252 296 3296 dum
306 3262 381 3307 est,...
396 3251 543 3297 narrationes
553 3263 607 3298 ut...
618 3255 691 3313 planae
700 3254 755 3314 sint,

213 3342 224 3364 ιι
241 3333 266 3367 ut
276 3324 367 3378 breves,
380 3333 405 3368 ut
415 3323 545 3377 evidentes,
551 3335 576 3369 nt
587 3325 721 3381 credibiles,
730 3336 755 3370 ut

213 3413 224 3435 ιι
239 3410 291 3438 cum
306 3395 455 3455 dignitate.»

243 3467 327 3510 XXIV.
341 3473 362 3512 t.
380 3466 524 3527 Agrwseitis.
533 3469 579 3513 Car
595 3469 617 3513 le
631 3468 669 3513 fen
679 3479 703 3514 et
711 3468 755 3513 l'e·

212 3537 292 3598 nergie
305 3547 357 3582 sont
369 3539 404 3582 les
417 3539 519 3599 qualites
529 3539 601 3600 qu'on
615 3550 650 3585 est
660 3539 755 3585 habitui

212 3609 241 3653 de
256 3608 306 3654 voir
320 3609 376 3653 daus
394 3611 466 3670 Aper.
481 3610 518 3656 Cf.
530 3612 567 3656 ch.
583 3618 637 3667 xr,t
653 3629 658 3657 :
675 3631 685 3654 ιι
700 3614 756 3669 Quae

213 3699 224 3721 ιι
240 3696 293 3724 eum
305 3680 402 3726 dixisset
413 3684 476 3742 Aper
486 3683 570 3738 aerias,
586 3683 720 3737 assolebat,
732 3694 756 3728 et

213 3771 224 3792 ιι
240 3752 331 3797 intento
344 3768 394 3798 ore.
408 3772 419 3793 n

243 3830 265 3867 2.
284 3825 334 3883 Quo
348 3834 455 3869 torrente.
472 3826 636 3886 L’expression
655 3837 690 3873 est
704 3827 756 3887 plns

212 3893 295 3938 lrardie
312 3893 342 3937 ici
357 3910 403 3954 que
423 3897 479 3940 dans
495 3897 603 3955 ciceron,
617 3897 670 3944 Fin.
688 3900 720 3952 11,
734 3904 756 3953 t,

213 3971 225 4008 3
244 3980 249 4008 :
262 3984 273 4005 ι
290 3965 379 4009 Cum...
392 3964 639 4029 ferturquasitorrens
649 3969 734 4021 oratio,
744 3989 755 4010 ι»

212 4046 236 4080 et
251 4036 308 4080 dans
324 4036 465 4094 Quintilien,
482 4041 513 4095 X,
533 4045 555 4094 7,
578 4047 607 4085 23
631 4056 636 4084 :
658 4060 669 4082 ιι
691 4041 756 4085 lnani

213 4128 223 4149 ιι
238 4109 357 4153 verborum
370 4109 477 4155 torrenti.
496 4128 507 4151 ιι

242 4185 265 4224 t.
283 4179 383 4240 Ingenio
392 4196 420 4225 ae
433 4180 528 4242 spiritu,
541 4198 598 4228 s.·e.
614 4184 702 4228 loeutus
713 4194 754 4229 est.

212 4254 258 4297 Car
271 4251 294 4297 le
313 4253 388 4298 talent
401 4254 493 4298 naturel
510 4264 534 4299 et
554 4254 710 4314 l’inspiration
727 4272 757 4300 nc

212 4333 264 4367 sont
274 4339 316 4383 pas
324 4324 365 4368 des
375 4322 475 4385 qualites
487 4325 621 4386 d’emprunt
632 4324 758 4390 (nzutrmtus

213 4392 264 4456 est).
280 4395 298 4439 ll
312 4411 327 4454 y
342 4396 425 4439 adone
440 4396 470 4441 ici
485 4412 515 4440 un
527 4395 593 4458 leger
604 4413 709 4458 zeugma.

246 4474 266 4512 5.
285 4466 424 4512 Eruditioue
441 4478 462 4513 et
474 4478 532 4512 arte.
554 4469 631 4514 Ironie
645 4469 755 4515 discrete.

214 4536 250 4582 Cf.
265 4538 302 4582 eh.
321 4553 351 4593 11,
366 4545 393 4584 te
410 4556 416 4584 s
440 4558 451 4581 ιι
470 4543 533 4600 Aper
546 4542 610 4586 omni
625 4542 757 4588 eruditione

215 4628 225 4649 ιι
243 4608 347 4654 imbutus
370 4613 537 4658 contemnebat
561 4613 640 4673 potius
666 4613 757 4659 litteras

215 4699 226 4720 ι
243 4695 313 4740 quam
328 4682 454 4727 nesciebat.
471 4702 482 4723 a

847 2966 997 3028 5·6.Ipsr's...
1015 2966 1083 3029 ipsos.
1101 2969 1169 3013 Cette
1187 2963 1315 3026 repetition
1330 2966 1360 3010 du

814 3042 891 3084 meme
904 3048 965 3094 mot,
977 3039 1017 3099 qui
1030 3038 1102 3084 serait
1114 3037 1247 3100 ehoquante
1258 3053 1288 3083 en
1299 3035 1361 3081 sran-

813 3112 869 3172 qais,
878 3121 914 3156 est
926 3109 1042 3156 tolerante
1056 3111 1161 3163 eulatia,
1173 3110 1272 3155 d'abord
1289 3125 1361 3169 parce

811 3200 856 3244 tque
867 3185 889 3228 le
898 3194 948 3228 mot
962 3183 1022 3227 n’est
1031 3199 1073 3242 pas
1084 3198 1112 3227 au
1123 3183 1201 3227 meme
1211 3197 1258 3237 eas,
1268 3191 1292 3225 et
1301 3180 1361 3225 aussi

810 3271 880 3316 parce
893 3271 949 3316 que,
960 3255 1017 3299 dans
1032 3271 1058 3299 ce
1071 3270 1179 3314 passage,
1195 3251 1252 3316 ipsis
1261 3262 1285 3297 et
1300 3251 1361 3313 ipsos

810 3336 851 3372 ont
865 3328 955 3371 chacun
969 3343 1014 3371 une
1025 3327 1105 3371 valeur
1123 3322 1360 3386 particuliere.1psis

810 3408 865 3443 veut
877 3398 927 3443 dire
946 3415 991 3459 que
1006 3398 1064 3443 c'cst
1080 3408 1193 3458 pourtant
1215 3413 1259 3440 nux
1274 3395 1360 3457 grands

811 3480 927 3526 orateurs,
945 3470 1003 3514 dont
1020 3469 1037 3514 il
1049 3486 1073 3514 se
1091 3468 1185 3514 declaro
1200 3465 1359 3521 l'adversaire,

813 3542 916 3603 qu'Aper
934 3540 985 3585 doit
1000 3557 1041 3585 son
1053 3541 1136 3595 talem,
1153 3551 1177 3584 et
1194 3539 1254 3600 ipsos
1269 3536 1360 3596 signiiie

812 3628 857 3674 que
872 3613 928 3658 c’est
938 3611 1092 3673 pre'ct'se'meut
1104 3621 1185 3655 contre
1203 3625 1248 3654 eux
1260 3608 1318 3669 qu'il
1336 3608 1358 3653 le

811 3683 905 3743 deploie
917 3681 1018 3745 (d'apres
1034 3680 1123 3744 Peter).

844 3763 865 3800 (t.
884 3752 1033 3801 Promissum.
1046 3755 1125 3812 Voyez
1140 3753 1176 3797 eh.
1190 3767 1244 3807 xvr,
1259 3757 1279 3794 5.

844 3833 866 3871 o.
882 3827 918 3870 Ae
932 3841 960 3869 nc
974 3824 1022 3886 ipse
1036 3824 1129 3886 quidem
1146 3823 1180 3867 im
1194 3821 1272 3867 sentit.
1295 3821 1359 3867 C’est

813 3914 857 3943 une
881 3894 948 3956 faqon
968 3896 1082 3957 piquante
1103 3897 1133 3940 de
1155 3895 1221 3939 vider
1243 3893 1266 3937 le
1287 3891 1359 3938 debat

812 3967 906 4013 scalere
920 3983 964 4028 par
980 3970 1052 4027 Aper.
1069 3967 1168 4012 Messala
1184 3965 1217 4010 lui
1229 3964 1291 4009 avait
1305 3963 1358 4023 ddja

812 4040 856 4096 dit,
878 4039 914 4083 ch.
939 4046 1012 4095 xv,o
1034 4055 1039 4083 ε
1062 4058 1073 4079 ιι
1093 4041 1206 4098 Neque...
1227 4046 1252 4081 te
1271 4035 1358 4095 ipsum,

814 4132 824 4153 ιι
838 4115 910 4171 Aper,
926 4127 1060 4172 quanquam
1084 4110 1203 4155 interdum
1220 4108 1244 4153 in
1262 4117 1358 4152 contra-

814 4202 825 4223 ιι
840 4180 899 4224 rium
919 4180 1034 4240 disputes,
1051 4179 1121 4224 aliter
1140 4179 1228 4225 sentire
1248 4177 1328 4222 eredo.
1346 4196 1357 4218 ιι

844 4258 881 4298 to.
900 4254 967 4297 More
980 4252 1058 4296 veteri.
1076 4253 1120 4296 Ces
1135 4249 1359 4296 vieilleshabitndes

812 4335 864 4369 sont
883 4324 954 4369 celles
973 4325 1002 4369 de
1021 4324 1043 4368 la
1071 4322 1223 4383 philosophie
1241 4335 1357 4381 greeque:

812 4397 870 4442 rnais
886 4395 970 4441 nostris
983 4393 1124 4457 philosophis
1139 4395 1235 4453 designo
1254 4394 1287 4437 les
1302 4390 1357 4450 phi-

811 4468 922 4529 losophes
943 4467 1053 4513 romains.
1074 4467 1137 4511 C'est
1157 4465 1215 4510 ainsi
1237 4477 1283 4523 que
1301 4462 1358 4505 dans

813 4539 919 4600 Senaque
930 4538 983 4602 (Ep.
994 4545 1033 4594 et,
1048 4537 1085 4600 to)
1097 4540 1118 4583 le
1133 4548 1182 4581 mot
1193 4544 1280 4584 noster,
1289 4531 1358 4592 signi·

812 4611 868 4655 siant
883 4627 913 4654 un
933 4610 1076 4670 philosophe
1096 4608 1194 4658 romain,
1213 4605 1322 4664 s’oppose
1344 4603 1356 4645 ir

813 4691 898 4726 veteres
921 4680 1062 4743 philosophi,
1087 4679 1174 4724 c.-a-d.
1205 4692 1249 4720 airx
1275 4676 1357 4720 Grees.
