3196 5256
247 435 285 492 24
630 433 838 489 CORNELII
869 432 1013 488 'rarlt'rt

246 563 487 662 profanantem
505 562 634 632 Vatinii
651 561 839 657 potentiam
855 562 956 657 fregi,
975 577 1010 632 ct
1027 562 1131 632 hodie
1148 563 1174 630 si
1195 562 1393 657 quidnobis

247 681 377 752 notitiae
393 705 432 750 ac
448 680 594 749 nominis
610 694 672 764 est,
694 678 801 775 magis
816 679 966 747 arbitror
983 678 1175 747 carminum
1190 706 1292 774 quam
1313 705 1393 748 ora-

246 796 505 893 tionumgloria
520 810 668 891 partum.
697 797 746 863 Ac
769 797 841 889 jam
865 821 920 864 me
937 794 1164 890 dejungerca
1190 795 1318 865 forensi
1342 796 1394 864 la·

246 917 331 985 bore
363 912 536 998 constitui,
568 938 633 982 nec
663 911 844 981 comitatus
870 911 950 980 istos
979 927 1014 980 et
1046 937 1203 1007 egressus
1233 927 1292 981 aut
1322 912 1394 983 fre-

195 1080 227 1131 ,5
247 1030 423 1127 quentiam
440 1028 658 1101 salutantium
677 1028 898 1122 concupisce,
926 1053 996 1097 non
1023 1028 1130 1123 magis
1148 1054 1251 1123 quam
1276 1054 1342 1097 aera
1361 1045 1395 1098 ct

248 1147 425 1244 imagines,
445 1172 520 1241 qua
543 1145 646 1216 etiarn
669 1171 723 1215 me
745 1147 884 1214 nolente
904 1143 939 1212 in
964 1144 1106 1214 domum
1125 1170 1235 1214 meam
1261 1145 1392 1239 irrupe-

248 1278 340 1336 runt.
368 1264 458 1333 Nam
483 1265 607 1330 statum
632 1260 811 1354 hucusque
838 1285 877 1329 ac
903 1258 1122 1329 securitatem
1144 1259 1265 1329 melius
1292 1259 1394 1330 inno-

248 1379 360 1452 centia
380 1394 480 1449 tueor
496 1402 599 1472 quam
617 1376 825 1471 eloquentia,
847 1401 911 1446 nec
928 1400 1051 1446 vereor
1071 1402 1115 1446 ne
1135 1376 1219 1444 mihi
1243 1403 1393 1472 unquam

248 1497 352 1568 verba
369 1495 403 1564 in
419 1508 539 1564 senatu
553 1493 618 1562 nisi
635 1519 699 1588 pro
715 1492 854 1563 alterius
872 1491 1071 1562 discrimine
1086 1492 1243 1563 facienda
1263 1492 1341 1563 sint.

194 1668 220 1683 ..
299 1615 378 1683 XII.
402 1613 554 1682 Nemora
572 1635 655 1682 vero
673 1625 707 1681 ct
722 1610 790 1679 luci
807 1625 841 1680 ct
856 1623 1026 1679 secretum
1049 1609 1172 1704 ipsum,
1192 1610 1286 1704 quod
1303 1613 1396 1704 Aper

249 1730 461 1826 increpabat,
481 1742 609 1797 tautam
626 1726 710 1795 mihi
730 1727 880 1823 atterunt
898 1727 1121 1821 voluptatem,
1140 1741 1179 1796 ut
1198 1725 1288 1797 inter
1304 1753 1395 1821 prae-

250 1845 369 1941 cipuos
392 1844 583 1916 carminum
606 1842 738 1913 fructus
761 1867 954 1928 numerem,
984 1843 1076 1937 quod
1102 1868 1172 1911 iton
1197 1842 1232 1912 in
1252 1844 1396 1938 strepitu
1429 1936 1432 1941 Ι

249 1988 314 2034 nec
332 1946 472 2033 sedente
497 1975 575 2031 ante
600 1960 724 2029 ostium
747 1958 918 2057 litigatore
940 1983 1005 2028 nec
1029 1958 1119 2030 inter
1145 1960 1263 2030 sordes
1285 1986 1324 2029 ac
1346 1962 1396 2030 la-

282 2190 432 2232 Vanlsnrns.
445 2211 476 2222 —
490 2191 527 2230 44.
544 2184 633 2230 Vatinii
648 2187 731 2230 J.-Fr.
747 2185 867 2228 Grmsoae:
883 2181 985 2227 vaticinii
995 2198 1057 2242 mss5
1070 2193 1094 2228 et
1106 2183 1182 2228 addit.
1193 2185 1221 2228 de
1230 2169 1382 2246 laste-Lipsc
1388 2205 1396 2241 ,¹

251 2258 318 2306 nobis
333 2274 338 2303 ι
352 2257 376 2303 in
387 2257 526 2312 nobismet,
546 2253 589 2319 [in]
603 2255 670 2300 nobis
682 2253 817 2302 Acidaliae.
827 2280 858 2288 -
869 2261 906 2299 42.
919 2253 1020 2315 nominis
1032 2251 1080 2300 L':
1097 2255 1198 2300 numinis
1211 2258 1234 2302 V
1235 2258 1297 2303 LvF.
1311 2282 1343 2292 -
1359 2263 1395 2301 ta.

255 2328 404 2376 salutantium
419 2327 501 2375 scaete
516 2347 524 2374 .·
542 2327 710 2374 salutationum
722 2342 775 2372 irus.
792 2350 823 2362 ·-
837 2332 874 2371 te.
890 2326 1025 2385 irruperunt
1042 2329 1067 2374 V
1067 2329 1105 2374 t':
1118 2326 1251 2386 irrumpunt
1268 2330 1295 2372 Ι..
1309 2351 1341 2364 --
1358 2335 1394 2376 47,

252 2402 370 2462 hueusque
383 2416 410 2446 ac
425 2399 597 2461 laste-Lipse:
614 2400 727 2461 cujusque
740 2414 766 2443 ae
778 2414 838 2451 mm
854 2397 967 2458 cujusque
979 2413 1034 2445 ac...
1047 2408 1127 2445 tuetur
1138 2397 1249 2445 Pieiteaa.
1261 2425 1292 2436 -·
1304 2401 1358 2446 ΧΗ.
1373 2407 1395 2446 2.

251 2473 389 2534 increpabat
405 2488 460 2529 mss,
472 2470 524 2518 saul
537 2476 555 2518 L
568 2469 704 2537 (increpat).

282 2547 332 2593 NG.
352 2551 390 2591 41.
407 2544 490 2592 Haakh
503 2560 515 2590 a
528 2543 609 2605 essayt'e
626 2545 656 2590 de
673 2542 787 2590 diiendrc
798 2543 819 2588 ln
833 2544 900 2604 leqon
915 2543 956 2589 des
971 2558 1037 2595 mss„
1051 2559 1103 2605 vop.
1122 2544 1204 2606 Pauly,
1221 2542 1395 2607 Reai-Eaeycl.

254 2625 277 2675 5,
293 2623 346 2665 4484.
364 2642 396 2655 ··-
415 2622 452 2663 47.
475 2618 556 2677 Voyez
571 2619 639 2664 Notes
652 2614 812 2678 explicativcs.

253 2793 306 2824 sous
318 2779 352 2824 les
364 2792 507 2823 succensente
523 2777 552 2821 ‹le
569 2793 611 2823 son
627 2781 728 2824 mettre?
741 2777 796 2823 Cela
852 2775 916 2822 vains
926 2777 968 2822 des
985 2777 1025 2822 bas
1041 2785 1127 2837 temps.
1138 2776 1329 2823 Ordinairement
1341 2777 1398 2822 ime-

253 2850 288 2898 n'a
300 2849 350 2895 rien
367 2848 549 2909 d'improbable,
564 2850 641 2909 quand
653 2865 684 2894 on
702 2865 726 2894 sc
746 2864 798 2909 rap-
852 2866 922 2911 usque
946 2850 1037 2911 signille
1063 2869 1074 2891 ιι
1100 2851 1225 2911 jusque-lit
1254 2871 1265 2892 ιι
1289 2861 1313 2895 et
1336 2849 1396 2912 (ng.)

254 2923 317 2982 pelle
333 2919 447 2966 l'histoirc
467 2920 496 2964 dc
517 2920 648 2980 Sophonius
669 2921 798 2982 Tigellinus
853 2942 864 2963 ι
879 2922 971 2983 jusqa'a
991 2937 1017 2967 ce
1030 2921 1105 2982 point.
1121 2939 1132 2962 ιι

254 2992 326 3056 (Htss.
341 2993 361 3043 l,
375 2989 422 3052 72).
885 2998 961 3038 47-18.
983 2995 1106 3036 Statum...
1127 3001 1191 3035 tricor
1206 2991 1242 3036 Cf.
1264 2992 1313 3035 Cic.
1331 2993 1395 3035 Fam.

286 3069 322 3108 44.
340 3061 445 3119 Vatinii,
459 3078 531 3121 voyez
542 3079 568 3107 ee
577 3063 647 3124 ‹pr'en
658 3063 694 3108 dit
706 3063 798 3118 'tauta
854 3064 895 3119 lx,
915 3070 953 3120 te,
976 3070 1011 3108 6:
1034 3081 1045 3103 ιι
1064 3061 1136 3106 'l'neri
1159 3077 1238 3106 uicum
1257 3071 1345 3106 statum
1366 3063 1399 3106 sic

254 3135 318 3182 Ana.
338 3135 389 3189 XV,
406 3137 434 3177 34
452 3149 457 3178 :
479 3151 490 3173 ιι
510 3133 617 3179 Vatinius
634 3135 696 3180 inter
717 3134 798 3180 fendis-

256 3227 267 3250 ιι
283 3206 341 3251 sima
354 3205 404 3265 ejus
417 3205 474 3250 aulai
486 3215 577 3250 ostenta
593 3205 646 3262 suit,
660 3207 753 3252 sutrina.²
766 3217 799 3251 ta-

257 3278 359 3323 ubernac
386 3277 501 3332 alumnus,
522 3292 621 3336 corpore
640 3278 745 3333 detorto,
767 3278 800 3322 fa·

257 3347 349 3394 acetiis
372 3347 521 3403 scurrilibus,
540 3348 617 3407 primo
636 3349 660 3393 in
675 3359 799 3394 contume-

257 3439 268 3461 ιι
281 3419 324 3465 lias
337 3428 479 3479 assumptus,
491 3419 576 3464 deliine
589 3420 673 3480 optimi
687 3421 799 3481 cujusque

257 3509 268 3532 ιι
281 3489 444 3536 criminatione
457 3506 485 3535 co
504 3507 577 3552 usqne
590 3492 662 3537 valuit
677 3503 702 3538 nt
715 3493 799 3553 gratia,

256 3582 268 3605 ιι
282 3561 390 3623 pecunia,
403 3563 425 3608 vi
437 3562 537 3608 nocendi
549 3563 621 3608 etiam
632 3564 732 3624 optimos
743 3581 802 3624 pra,-

259 3653 269 3676 a
284 3633 394 3679 mineret.
405 3653 416 3674 ι
427 3659 459 3670 -
467 3635 496 3679 Et
509 3644 545 3679 cst
557 3632 687 3679 nicessairc
700 3634 729 3679 ici
741 3651 802 3696 pour

256 3705 315 3751 faire
330 3707 435 3767 pendant
448 3707 460 3750 is
475 3706 537 3751 celui
549 3705 590 3767 qui
608 3722 632 3752 se
650 3715 731 3751 trouve
749 3707 801 3767 plus

256 3777 313 3823 haut
326 3793 331 3822 :
345 3787 369 3823 et
384 3776 479 3838 ingredi
484 3778 582 3838 santam
593 3782 729 3839 auspicatus
740 3794 799 3823 satir.

289 3855 326 3894 ta.
347 3846 486 3912 DrsJ'ungere,
499 3865 568 3910 prop.
583 3870 593 3892 ι
608 3849 700 3895 diteler
713 3869 735 3905 ι,
747 3850 802 3894 d’oir

258 3918 401 3980 «separer»,
414 3920 550 3980 expression
560 3936 612 3967 rare
623 3920 681 3966 mais
689 3920 802 3966 heurense

257 4006 312 4035 avcc
330 4007 346 4036 a
357 3991 453 4052 forensi
471 3991 558 4038 labore.
572 4019 603 4030 —
624 3995 687 4038 Ponr
696 3994 804 4055 flaventis

257 4059 330 4117 tator,
343 4061 373 4106 ci.
385 4062 434 4106 Cic.
449 4065 546 4116 Brutus,
560 4069 599 4119 67,
613 4070 656 4109 2³6
675 4080 679 4107 :
695 4083 706 4105 ιι
725 4065 802 4110 Labo-

258 4150 269 4173 ιι
284 4147 334 4176 rem
347 4131 466 4178 forensem
481 4133 569 4179 diutins
582 4150 628 4181 non
641 4135 692 4180 tuli.
708 4155 719 4177 ι

289 4207 327 4252 ll.
346 4201 474 4248 Comitatus
493 4208 550 4249 istos
568 4215 590 4250 et
613 4222 728 4266 egressus,
749 4224 801 4268 vop.

258 4273 294 4318 cit.
308 4288 343 4328 vr,
355 4278 397 4329 44;
411 4274 477 4329 istos,
486 4275 544 4329 dont
560 4285 584 4320 tu
595 4292 619 4319 as
633 4276 708 4335 parii.

290 4349 368 4389 turs.
388 4345 448 4388 AEra
462 4354 484 4388 et
494 4343 619 4405 imagines,
630 4362 682 4405 voy.
695 4348 731 4392 ch.
746 4362 802 4405 vsu,

258 4421 297 4461 28.

291 4491 328 4532 47.
346 4487 478 4546 Hucusque,
500 4485 593 4547 jusqu'is
613 4485 717 4547 priseut.
739 4489 803 4534 C'cst

258 4557 280 4603 le
303 4557 409 4620 premier
427 4558 535 4617 exempla
556 4557 626 4604 d'une
648 4558 803 4619 signification

259 4629 300 4691 qai
312 4629 406 4678 devient
419 4628 467 4674 tris
484 4629 602 4676 ordinaire
618 4630 728 4694 dans-les
741 4628 801 4676 ieri-

854 3154 865 3176 ιι
875 3150 952 3195 posse.
962 3154 973 3175 ιι
984 3159 1016 3168 -
1024 3132 1113 3179 Melias
1126 3131 1256 3178 innocentia
1267 3150 1337 3194 qaam
1350 3134 1398 3178 ela·

852 3205 958 3269 quentia.
973 3208 1005 3251 Cc
1022 3204 1083 3250 n'est
1099 3221 1141 3265 pas
1154 3206 1259 3266 toujours
1278 3222 1304 3250 ce
1321 3206 1399 3266 quise

853 3293 931 3338 presse,
939 3275 969 3321 ei.
977 3278 1037 3337 Nep.
1045 3276 1121 3323 Arist.
1130 3283 1138 3322 4
1150 3293 1156 3322 s
1166 3274 1399 3340 alahis(ilristidect

855 3346 1400 3412 aThermistoele)autemcognitumestquanto

855 3428 1003 3482 «antestaret
1015 3421 1151 3482 eloquentia
1164 3420 1311 3467 innocentiae.
1327 3441 1338 3463 ιι

886 3493 940 3538 ΧΠ.
953 3493 1194 3556 2.Iriet·epabat,voy.
1205 3494 1227 3538 la
1240 3493 1394 3539 findnclimx.

887 3569 908 3608 44.
924 3567 954 3610 In
967 3565 1075 3627 strepitu,
1093 3581 1185 3611 comme
1204 3581 1261 3610 nous
1279 3564 1356 3610 disens
1372 3581 1400 3609 en

856 3634 885 3681 fr.
904 3649 909 3677 :
925 3652 955 3679 aa
967 3634 1050 3680 atilicu
1064 3637 1097 3681 du
1109 3637 1179 3682 bresit.
1195 3637 1214 3682 ll
1227 3636 1288 3682 n'cst
1299 3635 1399 3696 paenie-

856 3705 955 3750 cessaire
975 3707 1092 3767 d’ajouter
1104 3707 1175 3771 tertis,
1193 3708 1224 3752 ci.
1241 3710 1297 3754 Hor.
1310 3709 1355 3768 Ep.
1368 3709 1399 3762 ll,

857 3784 880 3833 2,
895 3781 924 3822 79
942 3792 947 3820 :
967 3795 978 3817 ιι
997 3780 1032 3823 Tu
1047 3793 1085 3822 me
1100 3779 1163 3824 inter
1179 3779 1292 3840 strepitus
1309 3789 1401 3824 noctar-

860 3868 870 3890 ι
884 3863 926 3892 nos
939 3858 1010 3908 atquc
1025 3849 1120 3895 diurnos
1133 3850 1173 3896 Vis
1186 3852 1337 3901 canere...?»

889 3925 911 3965 4.
930 3919 1028 3966 Sedeate
1046 3931 1101 3967 ante
1121 3922 1205 3967 ostiam
1222 3921 1353 3983 litigatore,
1369 3921 1399 3965 ci.

857 3994 913 4038 lior.
932 3996 984 4037 Sat.
1002 3994 1022 4055 1,
1037 3999 1059 4049 t,
1074 4000 1102 4038 40
1117 4010 1123 4039 z
1141 4013 1151 4035 ι
1166 3995 1214 4041 Sub
1235 3995 1399 4056 gallicantum

858 4083 869 4106 ιι
886 4064 1005 4108 consultor
1013 4065 1052 4110 ubi
1064 4064 1123 4110 ostia
1139 4066 1225 4125 pulsat,
1235 4083 1246 4106 ιι
1257 4074 1281 4109 et
1291 4061 1367 4122 Epist.
1380 4063 1398 4114 1,

859 4143 880 4192 n,
900 4142 924 4181 at
946 4153 951 4181 ι
969 4155 980 4176 a
996 4137 1060 4181 stria
1080 4145 1214 4182 servantem
1235 4133 1325 4195 postica
1343 4132 1398 4177 salle

857 4227 868 4250 ιι
883 4208 1003 4253 clientem.
1019 4228 1030 4249 ιι
1043 4208 1169 4254 -Sordes
1182 4223 1211 4252 ac
1223 4204 1341 4252 lacrimas.
1360 4202 1397 4248 Cf.

857 4278 906 4325 Cic.
932 4281 973 4324 Or.
996 4290 1049 4340 post
1068 4279 1137 4324 redit.
1158 4277 1192 4324 ad
1207 4274 1288 4339 popul.
1313 4279 1336 4329 ³,
1357 4279 1368 4318 7
1391 4290 1395 4319 :

858 4369 869 4392 ιι
883 4351 1001 4397 Fratris...
1015 4351 1138 4397 cotidianae
1159 4349 1260 4396 lacrimae
1271 4346 1399 4406 sordesque

859 4440 869 4462 ιι
886 4423 1299 4483 lugubrcsavobisdeprecstnsant;
1311 4419 1402 4462 »idad

857 4493 924 4538 Fam.
943 4496 1007 4550 XlV,
1030 4501 1080 4551 Μ
1097 4511 1129 4540 ιιι
1151 4493 1267 4546 Tenunc,
1281 4505 1331 4533 inea
1357 4490 1400 4534 Te-

859 4581 869 4604 ιι
885 4563 999 4619 sentim...
1014 4567 1046 4610 sie
1058 4567 1138 4626 jacere
1153 4564 1178 4610 in
1193 4561 1295 4610 lacrimis
1310 4572 1334 4606 et
1347 4577 1399 4606 sor-

859 4652 869 4673 «
886 4633 983 4680 dibus...
1000 4655 1011 4676 ιι

986 4890 1117 4952 Α
