3232 5236
271 461 309 529 ss
642 459 849 516 consumi
879 458 1022 514 sacru

271 593 391 690 proelia
405 619 505 679 voco,
523 618 604 667 cum
628 591 818 688 prasertim
835 617 878 660 ne
901 591 943 660 ad
962 590 1045 666 illud
1066 589 1205 685 quidem
1227 588 1416 685 confugere

272 709 392 806 possis,
422 708 516 804 quod
546 709 721 804 plerisque
749 707 996 804 patrocinatur,
1021 723 1195 802 tamquam
1218 707 1330 776 miuus
1354 707 1422 774 ob·-

219 845 253 907 ao
273 826 414 895 noxium
447 825 490 895 sit
512 826 689 896 offendere
720 840 900 920 poetarum
929 851 1032 920 quam
1054 838 1230 893 oratorum
1248 822 1422 898 studium.¹

274 941 478 1012 Effervescit
508 941 599 1011 enim
628 941 677 1009 vis
710 941 953 1036 pulcherrimae
983 956 1113 1010 naturae
1139 956 1218 1025 tuae,
1253 965 1318 1009 nec
1350 964 1415 1034 pro

274 1059 385 1135 amico
400 1059 527 1153 aliquo,
547 1058 619 1143 sed,
641 1059 735 1152 quod
750 1056 977 1152 periculosius
995 1073 1056 1143 cst,
1077 1083 1141 1153 pro
1157 1061 1288 1126 Catone
1308 1058 1414 1125 offen-

275 1176 338 1244 dis.
367 1178 441 1245 Nec
473 1190 655 1245 excusatur
685 1177 815 1245 offensa
842 1174 1095 1245 necessitudine
1126 1173 1231 1243 officii
1260 1188 1318 1242 aut
1350 1172 1417 1240 fule

274 1291 509 1362 advocationis
524 1306 583 1361 aut
601 1292 750 1362 fortuitae
769 1307 803 1362 et
822 1293 940 1361 subitae
957 1291 1116 1361 dictionis
1131 1291 1261 1387 impetu
1280 1319 1286 1358 :
1305 1289 1418 1360 medi·
1476 1338 1485 1350 ·

220 1434 254 1492 as
274 1423 363 1479 tatus
396 1409 523 1478 videris
545 1408 634 1476 hanc
670 1407 813 1504 elegisse
849 1434 1032 1503 personam
1062 1408 1248 1478 notabilem
1284 1422 1319 1477 et
1346 1432 1425 1475 cum

275 1525 478 1596 auctoritate
494 1525 677 1594 dicturam.
703 1525 820 1594 Sentio
848 1525 931 1619 quid
956 1524 1158 1620 responderi
1184 1524 1292 1619 possit
1314 1551 1321 1592 ε
1343 1523 1425 1598 hinc

276 1642 431 1739 ingentes
449 1641 611 1714 exsistere
630 1667 796 1727 assensus,
812 1643 885 1711 baec
901 1641 936 1711 in
956 1641 1037 1737 ipsis
1052 1641 1231 1713 auditoriis
1250 1641 1424 1736 praecipue

276 1759 407 1830 laudari
433 1774 467 1830 et
490 1785 569 1827 mox
596 1758 750 1827 omnium
775 1759 989 1828 sermonibus
1018 1757 1162 1828 ferri...
1196 1758 1293 1827 Tolle
1321 1757 1426 1853 igitur

276 1875 400 1972 quietis
421 1891 455 1946 et
474 1875 666 1945 securitatis
691 1876 958 1961 excusationem,
981 1902 1060 1944 cum
1082 1875 1143 1944 tibi
1168 1900 1280 1944 sumas
1305 1873 1424 1943 adver-

222 2014 256 2066 to
277 1992 403 2061 sarium
428 1992 654 2088 superiorem.
675 1992 783 2062 Nobis
808 1993 886 2061 satis
904 1993 947 2062 sit
970 1993 1119 2088 privatas
1134 2007 1169 2061 et
1184 1991 1293 2060 nostri
1309 1991 1424 2059 saeculi

278 2109 528 2181 controversias
553 2110 655 2196 tueri,
684 2109 719 2179 in
746 2110 870 2205 quibus
890 2111 1058 2206 expressis
1080 2111 1106 2180 si
1127 2110 1265 2206 quando
1284 2135 1425 2180 necesse

278 2228 321 2298 sit
343 2254 407 2323 pro
430 2226 646 2322 periclitante
664 2227 775 2304 amico
797 2227 1032 2322 potentiorum
1053 2253 1153 2300 aures
1175 2226 1366 2312 offendere,
1392 2241 1426 2298 et

277 2345 420 2440 probata
438 2344 481 2413 sit
495 2344 579 2414 fides
595 2359 630 2414 et
644 2344 782 2414 libertas
809 2359 979 2415 excusata.
997 2374 1019 2411 υ

306 2596 457 2641 visuum.
466 2619 497 2630 -·
506 2601 544 2640 at.
555 2595 687 2640 effervescit
698 2598 718 2640 L
730 2615 737 2640 :
750 2598 889 2641 efferueseet
902 2599 928 2643 V
927 2599 948 2641 F
951 2621 994 2639 .-
1004 2602 1042 2640 32.
1056 2595 1157 2640 ostendis
1168 2597 1187 2640 L
1197 2595 1316 2640 :offendes
1328 2598 1352 2641 V
1354 2599 1374 2641 F
1377 2630 1381 2640 .
1396 2619 1426 2632 ·-

278 2669 315 2712 at.
331 2668 391 2712 hauc
402 2670 497 2713 Haase.-
508 2677 547 2712 aut
560 2683 615 2720 mss,
627 2666 750 2712 retrauehie
760 2667 963 2727 parronensem,
975 2669 1037 2713 ultro
1047 2668 1160 2728 Schopem
1168 2677 1222 2711 aute
1234 2665 1339 2724 Thomas,
1353 2668 1426 2713 etiam

278 2739 359 2785 Halm.
377 2765 408 2773 -
419 2746 456 2783 36.
476 2739 530 2783 hinc
544 2736 574 2782 L²
585 2749 607 2783 et
623 2739 767 2784 Puteolanus
783 2758 790 2784 .·
806 2740 843 2784 hie
852 2743 878 2787 V
879 2742 898 2785 L
909 2743 929 2785 F
932 2776 937 2788 .
950 2766 981 2775 -
995 2746 1032 2785 37.
1045 2739 1158 2784 exsistere
1168 2742 1247 2784 Mures
1260 2758 1268 2783 .·
1279 2755 1308 2785 ex
1317 2739 1354 2784 his
1366 2756 1412 2784 mss
1416 2761 1427 2794 ,-

277 2811 325 2855 htec
338 2813 358 2856 F
364 2829 372 2855 .-
382 2810 415 2854 hii
425 2813 450 2856 V
451 2812 480 2866 L,
491 2811 536 2855 hoc
548 2826 569 2867 v,
582 2811 629 2854 haee
640 2822 664 2856 ct
677 2812 806 2856 Andrescn.
820 2837 851 2845 -
862 2817 872 2856 t
882 2818 900 2856 Ι.
918 2811 1033 2872 expressis
1048 2813 1073 2857 V
1072 2814 1092 2856 J.
1102 2828 1115 2855 v
1125 2830 1133 2856 .-
1146 2811 1261 2872 expressit
1271 2814 1300 2868 F,
1309 2811 1427 2874 supprime'

275 2897 322 2943 pur
336 2885 467 2943 Heumann,
487 2882 631 2941 exponendis
647 2884 775 2942 Wugener.

309 2955 360 3000 ΝΟ.
377 2959 414 2996 35.
430 2953 538 3010 l'adopte
552 2968 607 2996 avec
618 2955 643 2998 C.
663 2955 735 2997 Peter
747 2954 769 2997 la
787 2954 922 3012 conjecture
935 2954 964 2998 dc
978 2956 1053 2998 Haase
1071 2971 1075 2999 :
1090 2951 1149 2997 lanc
1168 2964 1203 2998 est
1218 2969 1282 2998 assez
1296 2953 1351 3014 pres
1363 2954 1425 2999 dela

278 3024 346 3083 lecon
358 3024 399 3067 des
415 3038 469 3067 mss.
488 3034 512 3067 et
525 3024 554 3067 de
567 3025 620 3083 plus
634 3024 728 3067 ramtne
741 3023 812 3069 t'idte
827 3025 857 3069 du
870 3040 1016 3086 pessonnage
1031 3025 1060 3068 de
1074 3027 1150 3070 caton
1164 3025 1222 3069 dont
1236 3025 1252 3071 il
1266 3036 1302 3071 est
1315 3025 1425 3086 question

279 3111 309 3139 en
323 3111 349 3139 ee
364 3104 479 3139 moment.
498 3120 529 3129 -
543 3101 581 3140 37.
596 3097 675 3140 Muret
689 3111 700 3139 a
712 3094 816 3139 remediis
829 3097 898 3140 ‹l'uue
911 3096 1015 3141 manibre
1028 3096 1076 3141 tr'es
1091 3097 1175 3156 simple
1189 3107 1212 3141 et
1227 3097 1275 3142 tres
1288 3098 1425 3159 acceptable

280 3169 291 3210 b
311 3164 455 3210 l'alteration
476 3167 517 3210 des
539 3183 608 3222 mss.;
621 3167 645 3225 je
662 3165 757 3226 prefero
773 3166 885 3213 exsistere
905 3169 916 3211 is
933 3167 1034 3212 excitari
1054 3184 1084 3212 ou
1103 3170 1114 3212 Ξι
1131 3167 1213 3214 exciri.
1228 3195 1258 3204 -
1275 3176 1312 3214 38.
1331 3168 1401 3214 Wolf
1412 3185 1424 3213 a

279 3254 308 3282 vu
328 3239 350 3282 le
364 3237 468 3297 premier
486 3237 544 3297 qu'll
567 3238 645 3283 devait
662 3254 677 3297 y
694 3239 758 3283 avoir
775 3255 820 3283 nne
839 3241 922 3284 laeuus
943 3239 1011 3299 apres
1032 3240 1054 3285 le
1074 3250 1124 3284 mot
1136 3240 1212 3301 ferri.
1235 3244 1271 3286 En
1288 3244 1345 3286 silet
1364 3242 1428 3300 Aper

280 3306 502 3368 dermit‘sispondre
519 3309 682 3367 isl'objection
702 3310 760 3370 qu’il
775 3326 877 3370 suppose
892 3312 995 3372 quelque
1010 3312 1081 3356 chose
1095 3328 1206 3356 comme:
1229 3333 1239 3354 ιι
1263 3313 1317 3374 uui,
1334 3312 1427 3356 maisle

281 3380 343 3424 bruit
355 3381 385 3425 de
400 3396 427 3423 ee
442 3376 518 3424 succes
534 3381 668 3441 dangereux
680 3382 734 3426 n'en
752 3382 827 3427 arrivs
842 3399 888 3443 quc
900 3384 954 3443 plus
966 3383 1014 3427 vite
1028 3390 1040 3427 a
1057 3384 1157 3428 l'oreillc
1171 3385 1212 3428 des
1224 3385 1310 3446 grands
1324 3382 1428 3444 (sudre-

280 3450 339 3515 sen),
359 3470 370 3492 n
386 3450 439 3497 idise
454 3453 494 3512 qui
508 3452 590 3497 asnene
613 3462 664 3497 tout
684 3455 868 3500 naturellement
885 3456 907 3500 la
925 3456 1059 3502 conclusion
1077 3456 1164 3501 :Tolle
1186 3456 1272 3516 igitur,
1286 3466 1332 3502 cte.

280 3654 317 3700 Eu
332 3661 431 3697 touteas
447 3652 463 3697 il
478 3667 508 3696 ne
521 3652 589 3714 s'agit
600 3665 643 3713 pas
655 3653 685 3698 ici
702 3654 731 3698 de
749 3638 827 3715 repri—
911 3661 950 3700 at.
962 3655 1073 3701 Fortuita
1090 3665 1111 3699 et
1128 3654 1218 3700 subitae.
1236 3655 1272 3700 Cf.
1288 3657 1363 3701 Germ.
1380 3660 1404 3699 tt
1421 3671 1426 3699 :

281 3722 410 3767 sentations
431 3720 567 3784 secuiques3
590 3739 621 3768 on
645 3739 675 3768 nc
698 3724 759 3769 croit
784 3741 827 3785 pas
882 3723 1427 3785 “Nisiquidfortuitumetsubitumineidit;a

882 3797 931 3842 cic.
945 3797 974 3841 de
987 3799 1054 3841 Orat.
1068 3797 1088 3851 l,
1105 3802 1143 3852 33,
1160 3801 1202 3841 {50
1224 3813 1228 3840 :
1253 3816 1264 3837 u
1281 3797 1388 3842 Subitam
1404 3806 1428 3840 et

881 3868 1004 3913 fortuitam
1016 3868 1177 3913 orationem...
1191 3868 1328 3913 meditatus.
1345 3887 1356 3908 s

913 3945 950 3984 38.
967 3939 1032 3985 Tolle
1043 3938 1125 4000 egitur.
1136 3942 1216 4001 Voyez
1228 3942 1297 3986 Notes
1308 3939 1427 4001 critiques.

912 4016 951 4056 40.
975 4014 1093 4067 Privatus,
1118 4011 1159 4072 qui
1183 4027 1212 4056 nc
1235 4012 1348 4056 touchant
1368 4011 1392 4056 ni
1417 4013 1428 4056 a

281 3793 338 3854 qu'il
353 3810 368 3854 y
385 3809 415 3838 en
439 3795 471 3839 uit
485 3810 513 3839 eu
528 3794 596 3855 apres
608 3794 697 3840 Neron.

312 3871 350 3910 29,
369 3864 501 3925 Plerisque,
525 3866 555 3911 cf.
580 3867 616 3911 ch.
640 3883 668 3922 ιι,
688 3884 711 3912 n.
737 3874 773 3913 ll.

313 3944 350 3982 30.
369 3936 529 3984 Obnoxiam...
540 3939 664 4001 sfferulcre
682 3938 709 4001 (s.
723 3956 745 3990 e,
755 3939 827 4002 prm-

281 4007 371 4070 cipem).
379 4008 570 4056 L'inllnitlfn'cst
580 4026 623 4070 pas
633 4012 686 4071 plus
698 4012 828 4057 extraordi-

281 4080 346 4125 uairc
359 4081 445 4141 ici'qne
459 4082 516 4126 dans
528 4098 566 4126 ees
577 4084 745 4142 exemples-ei,
757 4083 825 4129 Dial.

281 4165 335 4206 xvr,
354 4157 378 4194 tt
405 4165 412 4201 2
436 4171 447 4193 a
472 4152 611 4198 Manifestus
639 4155 728 4215 accingi
752 4174 763 4196 a
785 4153 826 4218 (ef.

282 4225 345 4268 Ann.
360 4222 393 4277 ll,
409 4220 447 4284 57)
458 4232 482 4266 et
495 4225 558 4268 Anu.
571 4225 612 4280 IV,
626 4231 669 4270 52:
685 4245 696 4267 a
710 4228 826 4286 l‘ropcrus

283 4314 294 4335 a
306 4293 444 4338 clarescere.
457 4313 468 4334 n
589 4292 592 4297 ’

314 4370 352 4410 33.
370 4365 543 4410 Necessitudt'nc
553 4365 641 4427 offleii,
650 4383 694 4426 par
706 4367 728 4410 la
743 4364 826 4411 neees-

282 4436 326 4483 sitt't
342 4435 495 4496 d'aceomplir
508 4452 538 4480 un
557 4437 646 4482 devoir.
662 4439 705 4482 Sur
721 4438 827 4498 l'cmploi

282 4511 311 4555 de
328 4507 471 4554 necessitudo
485 4524 514 4552 uu
530 4508 578 4553 lieu
601 4508 778 4566 detractabas,
796 4510 826 4558 ef.

280 4584 345 4628 Ann.
358 4582 401 4636 lll,
415 4585 444 4624 ta
460 4594 465 4622 :
483 4599 494 4620 a
509 4581 623 4625 Peccandi
638 4581 801 4638 necessitudo;
815 4603 825 4623 n

282 4653 337 4708 ΧΠ,
349 4658 378 4696 30
396 4668 400 4695 :
416 4652 523 4712 «Pugnae
535 4653 691 4699 necessitudo.
707 4672 719 4695 »

880 4072 963 4139 l'litat‚
974 4084 998 4128 ni
1011 4085 1023 4127 a
1037 4083 1195 4143 l’Empereur.

913 4161 951 4200 ll.
965 4154 1134 4202 Controversias
1149 4159 1217 4199 tueri.
1233 4153 1269 4200 Cf.
1280 4154 1329 4199 Cic.
1346 4153 1374 4197 de
1387 4154 1427 4198 Or.

883 4229 903 4282 l,
921 4232 960 4282 ³7,
979 4233 1022 4272 {69
1039 4243 1044 4272 ε
1066 4247 1076 4268 a
1095 4229 1129 4272 Ut
1143 4227 1272 4271 amicorum
1289 4233 1429 4269 controver-

884 4317 895 4338 (ι
909 4298 954 4342 sias
963 4314 1091 4358 causasque
1103 4308 1203 4343 tucatur.
1221 4315 1233 4357 ”.
1244 4321 1276 4330 —
1292 4293 1427 4358 Expressis.

883 4371 946 4414 Pour
971 4371 1128 4430 comprcudrc
1151 4385 1178 4413 ce
1200 4377 1264 4430 mot,
1282 4367 1299 4412 il
1319 4367 1368 4410 faut
1385 4367 1429 4410 ad-

882 4451 970 4486 mettre
990 4442 1047 4502 qu'il
1071 4457 1095 4485 se
1116 4449 1229 4500 rapporte
1253 4438 1328 4483 moins
1347 4439 1359 4480 a
1379 4454 1430 4482 con-

883 4512 1000 4557 troversiis
1009 4511 1185 4566 sous-entendu,
1196 4510 1249 4570 qu'is
1261 4507 1331 4555 l'idle
1343 4510 1431 4554 senfor-

884 4583 935 4628 miae
952 4585 1009 4628 dans
1029 4585 1051 4628 la
1068 4581 1225 4642 proposition.
1242 4583 1275 4626 01·
1291 4583 1356 4642 Aper
1376 4591 1430 4626 veut

883 4656 934 4701 dire
957 4670 1002 4715 quc
1024 4655 1058 4698 les
1078 4654 1249 4699 circonstances
1266 4652 1430 4714 contraignent
