3232 5236
279 479 317 534 28
663 476 870 532 CORNELII
901 476 1045 532 TAClTl

281 627 386 696 ment,
408 638 451 679 an
469 611 563 705 quod
580 608 768 678 timentur?
786 611 891 703 quod,
914 636 992 678 cum
1009 607 1134 677 cotidie
1150 608 1279 702 aliquid
1298 632 1426 703 rogen-

227 739 260 792 15
281 742 347 811 tur,
369 727 426 798 uel
441 727 463 793 ii
481 726 605 821 quibus
622 740 785 820 praestant
806 723 1052 820 indignantur?
1069 724 1162 819 quod
1187 725 1314 819 alligati
1332 725 1425 793 omni

280 840 475 911 adulatione
509 866 573 910 nee
603 840 850 935 imperantibus
872 857 1025 935 unquam
1049 839 1127 908 satis
1152 840 1240 909 servi
1265 839 1427 910 videntur

281 983 345 1027 nec
357 957 455 1026 nobis
471 956 551 1026 satis
566 955 689 1026 liberi?
704 958 789 1046 Quae
808 957 880 1025 haec
899 983 1030 1025 summa
1048 981 1168 1025 eorum
1183 956 1337 1051 potentia
1354 955 1427 1027 est?

281 1089 414 1143 tantum
434 1098 534 1168 posse
552 1072 665 1141 liberti
688 1074 809 1142 solent.
831 1074 890 1142 Me
912 1078 995 1141 vero
1021 1072 1172 1158 dulces
1199 1088 1237 1141 ut
1260 1073 1426 1168 Virgilius

282 1190 339 1276 ait,
361 1193 495 1275 Musae,
521 1204 692 1259 remotum
717 1215 736 1257 a
760 1188 1047 1258 sollicitudinibus
1065 1203 1099 1257 et
1119 1189 1210 1257 curis
1226 1203 1260 1259 et
1276 1189 1427 1259 necessi-

228 1326 261 1378 ao
281 1320 349 1375 tate
379 1304 504 1374 cotidie
528 1303 656 1398 aliquid
682 1317 802 1373 contra
828 1302 980 1371 animum
1002 1302 1162 1388 faciendi,
1192 1303 1227 1372 iu
1253 1304 1308 1372 illa
1333 1330 1427 1373 sacra

281 1422 426 1516 illosque
442 1421 553 1490 fontes
569 1419 697 1506 ferant3
716 1446 780 1489 nce
799 1420 955 1488 insanum
973 1421 1061 1488 ultra
1077 1434 1111 1489 et
1128 1420 1299 1488 lubricum
1314 1420 1427 1489 forum

282 1539 477 1632 famamque
501 1537 686 1632 pallentem
708 1536 864 1632 trepidus
891 1536 1059 1631 experiar.
1088 1538 1169 1605 Non
1195 1561 1250 1606 me
1272 1535 1427 1607 fremitus

282 1654 500 1724 salutantium
516 1679 581 1723 nec
597 1653 760 1722 anhelans
780 1651 922 1721 libertus
944 1651 1080 1737 excitet,
1106 1678 1170 1722 nec
1195 1651 1346 1722 incertus
1370 1651 1427 1720 fu-

281 1771 349 1841 turi
378 1785 617 1840 testamentum
647 1794 711 1863 pro
735 1768 881 1863 pignore
906 1767 1064 1853 scribam,
1092 1794 1156 1838 nec
1183 1770 1259 1863 plus
1284 1768 1427 1836 habeam

229 1885 640 1982 25q11amquodpossim
666 1884 720 1953 cui
743 1884 845 1952 velim
870 1883 1067 1978 relinquere
1091 1883 1312 1979 (quandoque
1337 1883 1427 1954 enim

283 2003 393 2073 fatalis
410 2017 445 2072 et
459 2027 555 2071 mem
576 2001 650 2070 dies
669 2001 807 2094 veniet),
830 2016 860 2069 st

861 2015 1026 2096 atuarque
1044 2002 1177 2070 tumulo
1201 2026 1271 2069 non
1293 2015 1428 2069 rnaestus

313 2239 463 2282 Veniamus.
476 2259 508 2269 -
519 2240 556 2279 tl.
571 2234 661 2294 aliquid
672 2233 744 2280 edit:
758 2233 830 2294 aliqui
841 2236 867 2280 V
866 2236 917 2279 LF.
927 2259 958 2270 -·
970 2240 1007 2279 ta.
1021 2236 1059 2278 vel
1071 2233 1088 2278 ii
1100 2235 1229 2291 Andrean,
1242 2236 1325 2280 Peter:
1340 2234 1357 2281 ii
1368 2250 1429 2288 mss,·

283 2307 347 2352 omni
363 2306 485 2352 Waltlrer:
501 2322 553 2351 cum
572 2320 627 2354 mss,
641 2330 673 2340 —
690 2311 728 2349 20.
748 2305 789 2349 illa
807 2321 870 2349 saera
887 2305 988 2365 illosque
1002 2308 1036 2351 vF
1045 2326 1052 2351 :
1072 2306 1116 2351 ista
1131 2321 1195 2350 sacra
1214 2306 1320 2367 istosque
1332 2308 1385 2352 VL.
1398 2332 1429 2340 —

288 2386 326 2427 2¹2.
340 2379 470 2438 pallentem
485 2379 505 2422 L
522 2393 595 2422 cortu:
612 2377 742 2436 pallantem
766 2378 818 2431 Vr,
835 2377 956 2436 palantem
971 2375 1024 2423 Ην.

313 2452 362 2496 NG.
376 2457 414 2495 ta.
428 2449 562 2495 L'addition
573 2450 603 2493 de
616 2451 637 2493 la
650 2448 766 2509 particule
780 2447 815 2492 vel
824 2449 909 2493 devant
924 2453 942 2493 ii
954 2465 991 2494 me
1005 2449 1094 2493 semble
1105 2447 1208 2508 justifiee
1218 2465 1261 2509 par
1274 2448 1429 2495 t’idtemtme

283 2539 329 2584 que
346 2523 428 2568 Tacite
445 2530 499 2566 veut
516 2521 635 2580 exprimer
647 2521 685 2568 ici.
703 2523 728 2565 [ι’
745 2530 797 2566 tout
813 2521 863 2565 seul
877 2520 953 2565 aurait
973 2521 1002 2565 de
1015 2523 1036 2565 la
1049 2521 1119 2580 peine
1133 2523 1145 2565 a
1158 2520 1261 2582 significi·
1272 2522 1344 2566 menae
1361 2537 1428 2574 ceux,

280 2594 431 2655 prc'ct'se'nrent
442 2608 501 2637 ceux
518 2590 596 2656 (qu’ils
615 2590 738 2655 obligent).
751 2617 783 2626 -
797 2581 869 2636 litant
887 2591 963 2636 donne
977 2609 1023 2652 que
1038 2608 1095 2637 nous
1109 2608 1137 2637 ne
1152 2602 1263 2638 trouvons
1275 2608 1317 2653 pas
1330 2609 1359 2637 en
1372 2593 1429 2638 latin

283 2666 416 2726 d'exemple
428 2663 570 2725 d'alligatas
581 2664 696 2708 construit
714 2679 768 2708 avec
783 2679 843 2718 curn,
858 2663 977 2722 l'adJ‘ectif
991 2664 1053 2708 orrtm'
1069 2680 1107 2709 me
1125 2667 1204 2725 paruit
1219 2665 1269 2709 titre
1286 2667 1309 2710 lo
1326 2675 1376 2710 mot
1389 2665 1429 2725 qui

283 2737 391 2783 convient
411 2753 439 2780 aa
456 2752 508 2780 sens
525 2746 549 2780 ct
565 2735 604 2795 qui
623 2746 716 2794 permet
734 2736 756 2780 le
774 2735 853 2779 micux
870 2737 900 2780 de
914 2735 965 2780 voir
979 2746 1098 2782 comment
1116 2737 1139 2780 la
1157 2735 1220 2781 faute
1235 2737 1290 2782 s'est
1309 2736 1427 2796 produite.

284 2808 321 2856 Cf.
340 2810 377 2855 ch.
391 2825 419 2864 11,
434 2814 471 2852 45.

316 2959 352 2997 45.
366 2950 415 2999 Vel
428 2950 446 2996 ἰί
457 2949 656 3011 quibuspraestnnt
667 2949 829 3010 irudignuntnr,

283 3026 341 3083 Voy.
359 3025 428 3069 Notas
440 3020 558 3082 critiques.
574 3023 607 3067 Ce
626 3020 666 3081 qui
685 3021 781 3081 indigne
795 3022 830 3066 lcs

284 3094 424 3140 solliciteurs
433 3093 510 3137 meme
521 3092 697 3147 heureax,c'cst
708 3093 737 3136 de
749 3092 831 3136 devoir

284 3168 306 3212 le
318 3164 396 3210 succes
412 3167 424 3208 a
438 3165 478 3208 des
493 3179 548 3225 gens
566 3164 623 3208 dont
636 3162 766 3207 l'inlluence
779 3164 831 3208 lcur

284 3237 327 3282 fait
337 3238 467 3296 justemcat
478 3236 586 3280 horreur.

317 3315 353 3353 ts.
367 3307 466 3363 Liberti,
480 3307 496 3352 i.
513 3324 534 3352 c.
546 3305 670 3367 principis.

317 3383 395 3423 ta-ta.
406 3381 436 3424 Ut
443 3377 567 3438 Virgilius
576 3377 827 3436 ait,cf.Georg.ll‚l75.

285 3451 347 3495 Tout
358 3466 384 3494 cc
397 3465 494 3510 passage
513 3458 549 3494 cst
561 3449 679 3494 d'aillears
691 3449 776 3508 rcmpli
789 3449 830 3492 des

285 3521 404 3567 souvenirs
416 3522 445 3565 de
457 3520 548 3581 Virgile

315 3600 353 3639 20.
375 3596 460 3638 Contra
472 3591 583 3647 aninumr,
600 3601 680 3636 contre
698 3605 739 3634 sou
755 3590 830 3635 scuti-

285 3675 350 3710 ment
363 3674 387 3709 et
400 3681 423 3709 sa
436 3663 542 3711 volontt.

316 3743 395 3782 auat.
414 3738 445 3781 In
460 3735 505 3780 itta
519 3751 587 3781 saera
600 3734 698 3798 illosque
707 3736 799 3797 fontes.
814 3736 830 3780 ll

286 3823 301 3868 y
319 3823 330 3852 a
352 3808 409 3852 daus
432 3817 496 3851 cette
520 3806 657 3867 expression
681 3822 725 3851 une
747 3805 830 3866 espbce

285 3880 315 3923 de
330 3895 435 3940 zeugma,
451 3894 490 3922 car
506 3876 530 3922 ia
546 3894 576 3922 ne
590 3877 698 3922 convient
710 3878 765 3922 bien
777 3877 830 3936 qu'a

286 3949 332 3994 itta
345 3965 422 3996 sacra.

317 4027 355 4066 21.
370 4023 465 4077 Fontes,
481 4019 621 4080 rnetaphore
636 4018 706 4064 chere
720 4035 765 4063 aux
775 4018 831 4079 poia·

287 4101 331 4148 tes,
349 4091 379 4136 cf.
394 4094 462 4137 Lucr.
483 4094 503 4147 l,
522 4097 566 4136 927
587 4108 591 4135 :
612 4110 623 4131 a
640 4093 707 4135 Juvat
728 4091 831 4149 integros

287 4181 299 4203 a
318 4163 429 4206 accedere
443 4161 527 4217 fontis3
547 4180 558 4201 n
576 4164 633 4206 Hor.
649 4161 692 4207 Od.
708 4162 728 4215 l,
745 4168 784 4217 26,
803 4168 829 4206 6:

289 4234 333 4277 uO
350 4248 401 4292 quaa
418 4231 521 4278 fontibus
539 4232 637 4293 integris
653 4233 804 4288 Gaudes...,;
819 4250 830 4272 »

288 4303 345 4352 ibid.
360 4304 494 4359 111,t‚ao:
511 4323 523 4344 a
539 4303 627 4348 Vestris
645 4303 745 4347 amicum
757 4303 831 4348 fonti-

289 4394 300 4416 a
315 4375 359 4420 bus
375 4384 399 4419 et
416 4374 532 4420 choris...
549 4393 560 4414 n
580 4400 611 4408 -
623 4375 774 4421 Insanum...
791 4374 832 4431 β)-

287 4463 347 4502 rum,
360 4445 391 4495 cf.
404 4446 471 4506 Virg.
486 4448 569 4505 Georg.
585 4446 617 4499 ll,
631 4450 684 4489 502.

320 4525 357 4564 22.
376 4520 517 4578 Famamque
536 4514 705 4576 palleatum...
725 4515 833 4575 experiar

288 4589 436 4655 (metaphora
448 4589 562 4649 analogue
570 4589 582 4631 a
591 4588 650 4632 celle
663 4586 704 4647 qui
716 4603 740 4630 sc
750 4597 832 4631 trouve

289 4663 345 4712 dans
354 4660 472 4724 pallentes
483 4658 565 4712 morbi,
579 4658 646 4720 Virg.
660 4649 704 4707 lin.
714 4659 754 4710 Vl,
767 4656 831 4721 275),

886 2968 897 2991 a
913 2951 934 2994 la
948 2951 1001 3010 pale
1021 2949 1105 3009 gloire,
1123 2968 1133 2990 n
1147 2965 1175 2992 nu
1186 2950 1234 2995 lieu
1246 2951 1276 2995 de
1292 2971 1303 2991 a
1316 2952 1337 2996 la
1350 2953 1427 3010 gloirc

885 3021 926 3081 qui
940 3020 983 3064 fait
997 3019 1060 3079 pillir
1079 3021 1112 3064 les
1135 3021 1243 3064 hommes
1264 3022 1294 3065 de
1311 3021 1374 3067 diesir
1399 3040 1429 3067 ou

885 3091 914 3134 de
929 3089 1026 3134 craiute.
1044 3109 1054 3130 a
1068 3115 1099 3124 —
1113 3092 1251 3136 Famam...
1270 3097 1384 3155 experiar,
1399 3095 1429 3139 cf.

884 3161 948 3208 nise.
960 3161 989 3214 11,
1003 3167 1028 3205 3t
1043 3177 1070 3204 :a
1084 3161 1156 3205 Trahi
1168 3161 1257 3206 bellum
1271 3178 1300 3207 an
1312 3162 1431 3209 fortunam
1460 3207 1466 3214 ,

885 3252 896 3275 a
912 3232 1016 3292 experiri
1026 3233 1141 3292 placeret.
1150 3252 1161 3274 n
1170 3236 1256 3280 —Non
1270 3251 1315 3290 me,
1331 3252 1357 3281 ce
1372 3237 1431 3281 n'cst

884 3320 926 3364 pas
951 3304 999 3348 moi
1022 3321 1125 3365 que....;
1148 3305 1256 3366 s'oppose
1277 3309 1288 3351 'a
1311 3324 1355 3353 auc
1374 3324 1431 3369 pro·

883 3375 988 3435 position
1012 3378 1207 3432 sous-entendue‚
1230 3380 1242 3422 ia
1269 3379 1370 3435 celle-ci,
1388 3396 1432 3440 par

885 3448 1015 3509 exeinple:
1039 3468 1049 3489 u
1071 3449 1117 3494 alit
1142 3449 1273 3509 inquietam
1293 3462 1317 3496 ct
1339 3452 1431 3496 anxiam

884 3530 1005 3565 oratorum
1025 3521 1098 3565 vitam
1116 3521 1242 3581 preferant
1256 3540 1267 3563 a
1281 3520 1383 3585 (Orelli).

916 3598 955 3637 23.
966 3592 1094 3654 ,attactumq
1106 3592 1204 3637 cssoufli·
1217 3609 1261 3652 par
1272 3594 1294 3637 la
1308 3594 1363 3637 hate
1374 3595 1432 3654 qu’il

885 3679 939 3707 aura
954 3663 1012 3707 mise
1030 3665 1042 3707 a
1058 3663 1124 3707 vcnir
1135 3662 1194 3707 faire
1207 3665 1219 3707 a
1232 3679 1274 3707 son
1288 3674 1374 3724 patron
1386 3681 1431 3709 nne

884 3734 1081 3779 communication
1098 3734 1252 3794 importante.

916 3811 954 3850 24.
972 3808 1143 3850 Testamentum
1159 3822 1201 3866 pro
1211 3805 1308 3866 pignore
1322 3809 1431 3854 scribam.

886 3876 992 3922 allusion
1009 3879 1020 3921 ia
1037 3893 1068 3921 un
1084 3891 1155 3939 usage
1170 3878 1210 3938 qui
1230 3876 1289 3923 etait
1306 3877 1402 3940 general
1413 3881 1432 3923 ‘ir

886 3951 970 4002 Rome,
983 3965 1036 3994 sous
1050 3950 1085 3994 les
1097 3950 1200 3994 maavais
1213 3966 1358 4010 empereurs,
1372 3952 1434 3995 Pour

886 4037 977 4066 assurcr
991 4021 1013 4065 la
1025 4020 1122 4066 validite
1137 4022 1166 4066 de
1179 4023 1241 4066 leurs
1256 4032 1394 4066 testamenta
1409 4032 1432 4066 ct

887 4092 1014 4152 empdcher
1026 4092 1095 4153 qa'ils
1107 4108 1136 4138 ne
1155 4091 1244 4137 fussent
1256 4093 1331 4136 casses
1347 4108 1391 4151 par
1403 4109 1433 4136 un

887 4165 992 4226 Caligula
1006 4179 1035 4208 oa
1049 4179 1078 4207 un
1090 4162 1178 4219 Neron,
1198 4164 1232 4207 les
1248 4177 1304 4221 gens
1319 4162 1394 4206 riches
1409 4175 1432 4207 ct

887 4250 916 4280 en
932 4250 975 4279 vue
997 4233 1085 4280 etaient
1102 4232 1191 4293 obliges
1209 4234 1238 4277 de
1253 4232 1312 4277 faire
1331 4235 1344 4276 a
1361 4233 1433 4278 ce'sai·

887 4322 917 4350 aa
931 4307 980 4367 legs
997 4305 1136 4365 important.
1151 4305 1183 4349 Cc
1197 4304 1237 4363 qui
1252 4303 1313 4348 avait
1330 4302 1368 4348 etc
1380 4320 1432 4349 sons

887 4379 1000 4436 Auguste,
1022 4392 1066 4436 par
1088 4375 1206 4434 example,
1231 4391 1262 4419 un
1284 4374 1432 4437 temoignage

888 4448 1023 4493 d’affection
1042 4462 1103 4506 pour
1122 4447 1144 4492 le
1163 4446 1244 4504 prince
1268 4445 1326 4490 etait
1343 4448 1432 4493 derenu

888 4532 933 4561 arne
946 4515 1050 4578 garantic
1063 4513 1228 4577 (propugnare)
1241 4526 1321 4561 contre
1332 4517 1354 4561 la
1369 4519 1433 4578 cupi·

888 4585 937 4631 ‹titt
950 4587 981 4631 du
993 4590 1087 4630 maltre.

918 4664 998 4704 25-26.
1013 4657 1153 4721 Quandoque
1169 4663 1230 4704 enim
1233 4659 1327 4721 fatalis
1336 4671 1358 4705 et
1367 4677 1431 4707 raeus
