3196 5256
366 489 592 546 nmtoous
618 491 672 544 nn
699 490 994 556 onaronmus,
1023 485 1059 568 aa
1086 491 1201 548 att-aa.
1321 493 1357 549 aa

213 621 337 692 veritas
357 649 398 693 eo
415 624 622 718 pertinebat,
646 639 685 692 ut
706 623 840 693 sincera
858 637 891 692 et
911 622 1045 719 integra
1065 638 1098 693 et
1117 623 1220 692 nullis
1239 625 1356 719 pravi-

211 738 335 809 tatibus
356 740 490 810 detorta
510 740 612 809 unius
642 741 808 835 cujusque
827 754 949 809 natura
974 753 1048 808 toto
1075 739 1187 809 statim
1215 755 1357 836 pectore

211 854 379 951 arriperet
405 871 494 927 artes
514 857 685 943 honestas,
710 872 744 928 et
768 857 838 927 sive
858 857 901 925 ad
928 881 1001 927 rem
1021 857 1203 928 militarem
1224 857 1294 928 sive
1314 857 1356 927 ad

206 971 293 1065 juris
320 973 497 1043 scientiam
524 973 594 1043 sive
620 972 662 1041 ad
683 973 887 1068 eloquentiae
915 972 1064 1042 studium
1084 973 1291 1060 inclinasset,
1321 972 1356 1041 id

211 1091 321 1158 solum
341 1103 471 1186 ageret,
495 1089 530 1158 id
550 1089 749 1160 universum
770 1090 935 1160 hauriret.

260 1210 391 1275 XXIX.
417 1210 461 1276 At
485 1231 578 1276 nunc
604 1222 702 1277 natus
726 1207 837 1276 insans
863 1207 1043 1303 delegatur
1067 1207 1235 1277 Graeculae
1255 1207 1356 1277 alicui

136 1332 137 1335 ’
211 1323 355 1410 ancillae,
384 1323 439 1392 cui
466 1323 665 1420 adjungitur
689 1350 778 1394 unus
798 1339 856 1394 aut
882 1325 968 1395 alter
989 1350 1030 1394 ex
1054 1325 1213 1394 omnibus
1233 1325 1352 1415 servis,

211 1440 417 1535 plerumque
430 1439 611 1510 vilissimus
630 1466 695 1511 nec
716 1440 876 1536 cuiquam
896 1442 985 1511 serio
1007 1441 1198 1512 ministerio
1217 1467 1356 1512 accom-

210 1555 380 1626 modatus.
404 1559 537 1627 Horum
555 1557 678 1627 sabulis
698 1574 732 1629 et
749 1558 925 1629 erroribus
940 1559 1050 1629 teneri
1071 1559 1182 1629 statim
1204 1574 1237 1629 et
1253 1559 1356 1630 rudes

210 1671 314 1743 animi
329 1673 549 1764 imbuuntur3
563 1699 627 1746 nec
648 1675 828 1771 quisquam
848 1674 885 1744 in
904 1689 974 1744 tota
994 1675 1098 1744 domo
1120 1675 1216 1771 pensi
1237 1669 1351 1761 habet,
1375 1695 1391 1744 5

211 1788 294 1885 quid
315 1816 430 1861 coram
447 1791 578 1862 infante
599 1791 740 1861 domino
755 1807 813 1860 aut
823 1791 916 1861 dicat
930 1807 988 1861 aut
1002 1791 1115 1861 saciat.
1140 1792 1234 1882 Quin
1254 1791 1356 1861 etiam

211 1905 276 2001 ipsi
322 1922 481 2004 parentes
519 1935 583 1981 nec
628 1909 790 2005 probitati
826 1934 940 2004 neque
976 1909 1151 1979 modestiae
1193 1908 1356 2004 parvulos

211 2023 452 2113 assuefaciunt,
483 2027 542 2097 sed
571 2026 717 2096 lasciviae
746 2041 780 2097 et
803 2025 987 2113 dicacitati,
1012 2051 1074 2121 per
1096 2052 1171 2122 quae
1191 2023 1354 2123 paulatim
1420 2012 1426 2027 ⁸

210 2138 424 2237 impudentia
442 2142 565 2238 irrepit
593 2157 627 2214 et
653 2143 704 2213 sui
734 2143 905 2239 alienique
926 2157 1155 2239 contemptus.
1177 2146 1251 2212 Jam
1270 2168 1354 2213 vero

208 2259 349 2355 propria
369 2274 403 2330 et
416 2258 604 2355 peculiaria
619 2259 721 2354 hujus
740 2260 835 2329 urhis
855 2259 936 2328 vitia
956 2285 1053 2354 paene
1071 2259 1107 2327 in
1122 2275 1222 2331 utero
1237 2259 1355 2329 matris
1379 2278 1409 2329 10

210 2375 345 2471 concipi
379 2376 463 2445 mihi
493 2376 668 2462 videntur,
697 2375 906 2445 histrionalis
937 2375 1034 2444 favor
1064 2390 1098 2445 et
1125 2375 1353 2470 gladiatorum

238 2637 388 2684 Vamartres.
407 2660 439 2672 -
457 2642 496 2682 26.
514 2634 583 2681 nullis
595 2635 739 2682 thenanus:
755 2634 779 2680 in
793 2635 863 2681 nullis
873 2650 927 2681 mss.
941 2659 973 2670 -
986 2642 1025 2681 28.
1038 2650 1087 2680 rem
1101 2633 1229 2680 militarem
1244 2636 1297 2680 rF:
1312 2634 1354 2680 mi-

207 2707 300 2754 litarem
310 2711 336 2754 V
335 2712 363 2753 L.
376 2734 408 2744 —
422 2710 507 2754 XXIX.
522 2713 544 2753 4.
556 2708 632 2753 teneri
643 2707 678 2752 ed.
690 2723 698 2748 :
712 2717 736 2753 et
745 2706 830 2752 virides
841 2706 919 2771 (vires)
934 2707 1011 2753 teneri
1024 2723 1079 2753 mss.
1091 2732 1122 2741 -
1137 2713 1159 2752 7.
1176 2723 1220 2752 nec
1236 2706 1354 2767 probitati

205 2779 277 2826 w.-
293 2779 441 2840 improbitati
456 2781 487 2842 V,
500 2796 544 2825 noc
559 2779 708 2841 improbitati
721 2780 764 2836 vr,
780 2795 827 2824 non
838 2779 953 2840 probitati
965 2778 1072 2824 Baehrens
1087 2788 1109 2823 et
1124 2781 1150 2827 V
1148 2777 1227 2826 ahlou.
1238 2803 1270 2813 -
1280 2785 1302 2823 8.
1319 2778 1354 2823 di·

207 2851 358 2897 cacitatiffis
378 2851 501 2896 bibaeitati
521 2868 575 2897 mss.

237 2925 286 2971 ΝΟ.
297 2925 372 2969 XXlX
384 2929 407 2968 t.
429 2923 448 2969 ll
461 2934 497 2970 est
509 2923 556 2970 aist
568 2926 599 2970 de
609 2925 659 2970 voir
669 2939 715 2985 que
728 2925 762 2971 les
774 2933 836 2970 mots
848 2933 869 2969 et
884 2922 969 2969 virides
982 2933 1036 2969 sont
1051 2938 1096 2969 une
1110 2921 1271 2986 dittographie
1288 2921 1317 2970 de
1332 2931 1354 2968 et

206 2995 286 3042 rudes.

237 3188 276 3228 29.
295 3181 436 3229 [aetimasset
468 3198 496 3229 au
522 3182 656 3244 subjunctis,
680 3197 751 3246 parce

207 3270 253 3315 que
272 3255 458 3315 laproposition
481 3255 576 3316 depend
598 3257 667 3301 d'une
685 3266 750 3301 autre

207 3325 356 3386 proposition
370 3327 423 3385 ddja
438 3327 608 3372 subordonnec.

238 3397 323 3442 XXIX.
337 3404 360 3441 2.
378 3399 417 3441 Ex
429 3398 532 3442 omnibus
547 3398 626 3443 servis.
642 3399 707 3444 Aiusi
721 3414 752 3443 on

207 3467 281 3512 conlie
301 3483 338 3512 ces
358 3467 474 3513 fonctions
497 3468 608 3514 delicatos
633 3486 677 3514 aux
695 3485 750 3529 pre·

208 3538 278 3583 miers
287 3555 371 3596 venus3
382 3555 413 3585 on
423 3557 452 3585 ne
465 3556 488 3585 se
500 3542 577 3585 donne
588 3540 665 3585 meme
676 3555 718 3600 pas
730 3542 751 3584 la

208 3609 277 3670 peine
292 3611 321 3655 de
341 3610 400 3656 faire
421 3628 452 3656 un
473 3612 543 3657 choix
557 3611 635 3672 parmi
649 3611 682 3656 les
698 3613 752 3671 plus

207 3681 278 3738 zeles,
294 3683 328 3727 les
344 3684 397 3743 plue
411 3683 492 3729 fideles
507 3695 531 3730 ct
547 3685 582 3730 les
594 3684 645 3744 plus
660 3683 749 3744 dignes.

239 3761 260 3799 3.
277 3758 391 3815 Cuiquam
410 3755 471 3800 serio
491 3755 627 3801 ministerio.
648 3759 711 3801 Dans
731 3755 752 3798 la

207 3838 277 3885 prose
291 3827 416 3886 classique,
431 3827 554 3890 quisquam
569 3823 751 3890 n'est·emplo}ir

208 3896 389 3954 adjectivement
409 3899 504 3958 qu'avcc
524 3916 554 3943 un
572 3915 627 3944 nom
646 3899 676 3943 de
695 3913 751 3957 per-

208 3982 288 4012 sonne.
305 3966 342 4013 cf.
357 3969 481 4026 Riemann,
495 3974 604 4032 Syatarce
617 3970 659 4015 lat.
675 3987 699 4030 p.
713 3976 751 4023 26,

208 4053 232 4081 n.
248 4046 270 4084 2.

240 4117 263 4156 4.
279 4113 415 4169 Erroribus,
433 4111 541 4174 prejugis
562 4111 677 4176 (indignes
699 4113 753 4157 d’un

208 4183 326 4246 Romaiu).

238 4263 261 4301 5.
282 4258 313 4302 Ia
327 4266 374 4300 tota
391 4257 463 4301 doato.
480 4257 516 4304 Cf.
531 4258 595 4304 Hist.
612 4260 681 4313 1‚4:
700 4278 710 4300 ιι
726 4259 752 4302 ln

209 4347 219 4368 ιι
238 4337 289 4373 toto
310 4330 366 4374 orbe
386 4339 512 4375 terrarum.
533 4349 544 4370 a
562 4355 595 4364 -
608 4333 651 4375 Les
664 4329 752 4375 memes

207 4399 307 4459 plaintes
322 4418 361 4446 sur
379 4401 401 4447 le
423 4400 583 4449 retachement
600 4402 630 4446 de
653 4401 753 4446 l'i'educa-

207 4471 258 4516 tion
282 4484 336 4519 sont
359 4473 492 4534 exprimi-es
515 4473 692 4535 eloquemment
710 4490 753 4534 par

207 4542 348 4601 Quintilian,
365 4547 384 4603 1,
398 4553 421 4602 2,
437 4553 451 4591 t.
466 4563 519 4608 sqq.

238 4622 260 4661 8.
281 4616 418 4673 Dicaet'tatt',
433 4619 581 4678 ponebantir
601 4619 622 4663 la
649 4617 751 4664 raillerie

207 4685 330 4733 mbcbaute
345 4699 371 4734 et
381 4689 516 4736 boultoune.
528 4689 565 4737 Cf.
577 4690 659 4749 Quint.
676 4693 718 4748 vt,
728 4698 749 4744 3,

805 3189 830 3229 24
849 3201 854 3228 :
868 3204 879 3226 ιι
895 3181 1030 3247 (Dicaeitas)
1042 3179 1169 3244 proprie...
1179 3180 1293 3245 significat
1303 3196 1353 3227 ser·

807 3275 817 3298 «
836 3272 930 3300 monem
940 3270 993 3300 cum
1006 3256 1054 3300 risu
1067 3255 1157 3316 aliquos
1167 3254 1351 3300 incessentem...

806 3348 817 3368 ιι
836 3329 1023 3373 Demosthenem
1039 3327 1153 3372 urbanum
1172 3325 1244 3371 luisse
1262 3326 1353 3381 dicunt,

807 3419 817 3440 ιι
835 3398 938 3444 dicacem
959 3408 1055 3460 negant.
1078 3419 1089 3440 s
1111 3398 1171 3454 eie,
1186 3397 1214 3442 de
1229 3399 1298 3443 Orat.
1319 3400 1352 3455 lI,

808 3477 845 3525 CO,
865 3476 933 3515 244:
956 3490 966 3511 ιι
992 3469 1100 3517 Scurrilis
1128 3469 1218 3513 oratori
1242 3468 1353 3515 dicacitas

808 3563 818 3583 ιι
837 3557 979 3603 magnopere
999 3541 1108 3601 lugienda
1124 3550 1167 3585 cst.
1188 3559 1199 3580 a
1215 3542 1275 3598 Voy.
1293 3541 1354 3584 enlin

805 3616 906 3676 Horace,
921 3618 972 3658 Sat.
988 3615 1008 3669 l,
1025 3618 1049 3667 4,
1068 3619 1096 3656 83
1112 3627 1139 3670 sq
1156 3627 1161 3654 ι
1183 3631 1194 3652 ιι
1211 3610 1257 3666 Qui
1274 3620 1354 3670 captat

807 3705 818 3726 ιι
838 3685 895 3730 risus
912 3685 1032 3728 hominum
1044 3681 1179 3741 famamque
1192 3681 1353 3726 dicacis...bic

807 3777 818 3798 «
837 3754 905 3816 niger
920 3765 963 3811 est,
980 3755 1041 3799 hunc
1051 3763 1086 3810 tu,
1101 3756 1216 3804 Romane,
1232 3763 1322 3798 caveto.
1340 3771 1351 3792 n

837 3834 859 3871 9.
875 3825 922 3873 Sui
931 3825 1048 3888 alienique
1067 3834 1217 3885 contemptus,
1227 3825 1250 3869 le
1265 3822 1352 3883 meptis

806 3900 836 3944 de
855 3898 982 3944 soi-meme
1000 3908 1025 3944 et
1044 3898 1085 3942 des
1108 3908 1202 3952 autres;
1224 3893 1300 3939 alieni
1317 3905 1352 3940 est

807 3971 921 4016 construit
938 3987 967 4014 au
985 3978 1068 4015 neutre
1089 3983 1160 4029 parce
1181 3967 1239 4028 qu'il
1252 3968 1308 4026 joue
1329 3966 1352 4010 le

807 4044 857 4087 rote
869 4043 925 4088 d'un
938 4057 1051 4103 pronom3
1068 4057 1098 4085 ou
1111 4039 1156 4085 sait
1172 4055 1218 4100 que
1231 4040 1253 4084 le
1268 4037 1352 4102 genitit

807 4115 849 4160 des
861 4130 972 4174 pronoms
988 4112 1128 4173 personnels
1140 4115 1195 4165 mei,
1211 4108 1255 4167 tui,
1271 4108 1310 4154 sui
1317 4119 1352 4154 est

808 4203 838 4231 un
854 4185 940 4248 genitis
953 4195 1046 4231 neutre.

839 4265 876 4304 tt.
894 4256 1049 4303 Histrionolis
1068 4255 1147 4315 favor,
1169 4265 1214 4300 etc.
1233 4253 1272 4301 Cf.
1295 4255 1350 4300 Tac.

806 4332 870 4377 Arta.
887 4332 906 4391 1,
919 4335 961 4386 543
973 4336 1000 4375 77
1013 4345 1019 4386 ;
1031 4330 1073 4386 1v,
1090 4333 1127 4373 tt.
1151 4330 1196 4373 Sur
1213 4336 1274 4373 cette
1289 4326 1352 4387 plaic

807 4404 836 4448 de
862 4403 883 4448 la
903 4400 990 4448 sociere
1014 4401 1122 4447 romaine
1151 4416 1204 4444 sous
1234 4397 1351 4458 l’empire,

806 4491 859 4535 roy.
878 4473 1042 4531 Friedlaender,
1068 4470 1283 4531 Sittcagcsclticltc,
1307 4478 1350 4513 etc.

808 4546 839 4600 ll,
856 4563 880 4607 p.
895 4552 939 4592 247
958 4557 982 4592 et
997 4553 1050 4592 3³8.
1066 4546 1125 4602 Voy.
1144 4543 1207 4587 aussi
1222 4557 1267 4585 une
1282 4539 1352 4584 lettre

807 4618 836 4663 de
855 4618 921 4663 Pline
940 4618 961 4662 le
981 4621 1064 4672 Jeune,
1079 4617 1119 4666 tx,
1138 4621 1160 4669 6,
1179 4628 1218 4656 sur
1237 4612 1257 4656 la
1275 4609 1352 4654 manie

807 4691 848 4735 des
864 4705 966 4735 courses.
