3232 5236
269 483 304 539 72
650 474 856 530 CORNELII
888 474 1032 531 TAClTl

232 627 422 687 aoratores
449 610 537 679 soliti
562 609 641 692 sint,
665 606 778 675 dixisti
799 607 1099 703 differentiamque
1120 625 1244 680 nostrae
1272 611 1412 682 desidiae

171 788 177 794 .
268 744 303 798 et
335 727 527 799 inscientiae
565 724 728 794 adversus
756 723 924 792 acerrima
953 738 987 795 et
1015 722 1258 795 fecundissima
1292 753 1413 798 eorum

268 845 380 915 studia
409 842 678 913 demonstrasti:
707 855 821 910 cetera
848 856 1020 935 exspecta,
1054 856 1092 911 ut
1120 844 1413 937 quemadmodum

268 975 362 1031 exte
382 959 500 1044 didici,
534 958 617 1053 quid
646 972 704 1026 aut
736 956 784 1024 illi
809 956 950 1026 scierint
973 972 1031 1025 aut
1054 983 1117 1027 nos
1139 959 1342 1046 nesciamus,
1366 963 1428 1050 ita.

268 1076 335 1147 hoc
364 1102 502 1172 qnoque
532 1099 750 1170 cognoscam,
788 1073 912 1167 quibus
937 1074 1238 1144 exercitationibus
1266 1078 1411 1170 juvenes

216 1218 248 1269 10
263 1196 334 1288 jam
360 1210 394 1265 et
423 1194 537 1262 forum
566 1183 753 1287 ingressuri
784 1188 988 1260 confirmare
1017 1204 1052 1259 ct
1070 1192 1163 1261 alere
1187 1192 1325 1288 ingenia
1351 1221 1412 1264 sua

267 1310 357 1380 soliti
376 1311 455 1379 sint.
479 1311 602 1404 Neque
627 1307 718 1377 enim
744 1304 862 1375 solum
883 1321 956 1376 arte
985 1320 1019 1376 et
1042 1307 1195 1393 scientia,
1224 1309 1283 1378 sed
1309 1310 1411 1406 longe

268 1427 373 1521 magis
397 1425 559 1494 facultate
579 1437 614 1493 et
637 1448 706 1492 usn
731 1421 963 1517 eloquentiam
981 1423 1163 1509 contineri,
1187 1449 1252 1495 nec
1272 1439 1308 1494 tu
1325 1441 1410 1521 puto

266 1543 395 1612 abnues
416 1540 501 1610 ethi
521 1538 714 1636 significare
733 1539 831 1607 vultu
850 1537 1024 1607 videntur.
1048 1567 1063 1604 n

315 1657 450 1728 Deinde
471 1681 549 1726 cum
567 1658 661 1750 Aper
680 1679 819 1749 quoque
836 1669 869 1724 et
890 1654 1069 1724 Secundus
1084 1655 1176 1726 idem
1195 1657 1405 1747 annuissent,

213 1794 245 1846 15
264 1774 422 1844 Messalla
447 1772 543 1868 quasi
574 1796 693 1840 rursus
715 1770 883 1866 incipiens
907 1798 913 1838 :
946 1800 962 1837 ιι
986 1771 1158 1861 Quoniam
1181 1771 1277 1842 initia
1299 1789 1333 1844 et
1354 1801 1410 1846 se·

264 1891 355 1960 mina
374 1889 499 1960 veteris
515 1887 720 1983 eloquentiae
733 1887 813 1956 satis
832 1887 1083 1957 demonstrasse
1098 1888 1231 1975 videor,
1251 1890 1409 1961 docendo

264 2007 388 2100 quibus
414 2006 543 2075 artibus
575 2005 705 2098 antiqui
739 2016 893 2073 oratores
922 2004 1053 2073 institui
1092 2006 1292 2101 erudirique
1319 2008 1409 2076 soliti

264 2122 347 2208 siut,
378 2146 567 2216 persequar
600 2145 692 2188 nunc
734 2120 996 2190 exercitationes
1033 2147 1165 2192 eorum.
1203 2125 1409 2217 Quanquam

264 2238 344 2332 ipsis
368 2237 497 2314 artibus
517 2237 606 2306 inest
625 2236 837 2321 exercitatio,
861 2262 925 2306 nec
952 2238 1132 2334 quisquam
1158 2239 1339 2335 percipere
1358 2254 1410 2310 tot

210 2372 243 2424 20
264 2370 342 2426 tum
361 2353 568 2439 reconditas,
591 2368 661 2423 tam
679 2354 788 2422 varias
808 2378 863 2423 res
882 2369 1006 2449 potest,
1030 2355 1095 2423 nisi
1116 2370 1154 2426 ut
1169 2355 1318 2426 scientiae
1338 2382 1408 2426 me·

292 2591 441 2635 Vanmnrns.
454 2612 486 2622 -
498 2594 520 2630 6.
535 2585 662 2631 inscientiae
672 2586 813 2633 tiberianas:
829 2586 932 2632 scientiae
949 2602 1004 2632 mss.
1020 2612 1051 2623 -
1064 2594 1086 2632 8.
1105 2586 1200 2633 scierint
1216 2574 1408 2646 Seburzfieisbh:

260 2660 331 2705 sciret
344 2674 399 2707 nats.
414 2684 446 2694 -
458 2664 496 2703 tr.
515 2658 589 2703 solum
603 2658 696 2704 Dinnis
711 2676 720 2702 .·
736 2659 792 2703 dum
806 2673 870 2710 mss,·
882 2659 978 2703 scientia
993 2658 1029 2704 ed.
1040 2676 1049 2702 .·
1060 2657 1185 2704 inscientia
1198 2677 1252 2705 mss.
1269 2685 1300 2695 —
1313 2667 1351 2706 ta.
1367 2678 1408 2706 usu

260 2732 337 2776 addit.
351 2731 379 2774 de
394 2729 517 2792 Tyrwditt.
531 2755 563 2765 -
574 2736 611 2775 t3.
623 2728 648 2773 hi
660 2730 785 2776 illacrimans
799 2750 806 2775 .-
820 2729 837 2774 ii
849 2746 904 2776 mss.
918 2755 949 2766 -
963 2737 1000 2775 te.
1014 2730 1096 2775 videor
1106 2747 1168 2776 corr.
1181 2734 1201 2776 L
1214 2749 1223 2776 .·
1237 2732 1332 2778 viderur
1341 2735 1406 2780 Vir.

260 2829 290 2838 -
304 2809 341 2848 t8.
358 2817 487 2862 persequar
499 2817 558 2846 corr.
569 2804 589 2846 L
602 2816 610 2844 .·
623 2816 754 2862 persequor
767 2803 792 2848 V
792 2803 825 2846 vr
827 2834 833 2846 .
845 2827 877 2836 -
891 2808 929 2846 20.
947 2813 995 2846 tam
1005 2805 1103 2848 Muret:
1119 2813 1159 2847 aut
1171 2819 1227 2849 mss.

290 2875 311 2918 N
324 2875 351 2920 C.
363 2880 385 2918 8.
401 2871 505 2918 scierint.
522 2872 558 2917 (ΣΙ.
573 2872 589 2916 Ι,
601 2878 625 2916 Η
638 2888 643 2915 :
654 2870 721 2916 soliti
730 2871 785 2916 sint.
799 2899 830 2908 —-
844 2879 881 2917 ta.
895 2873 1020 2918 Facultate
1031 2883 1055 2918 et
1072 2889 1123 2918 usu.
1142 2871 1179 2919 Cf.
1197 2874 1214 2918 l.
1233 2883 1258 2920 2t
1274 2894 1280 2922 t
1289 2876 1411 2938 fircnltuti

259 2960 314 2990 restis
328 2943 462 3007 eloquentie
480 2943 584 2990 accedat.
601 2969 633 2979 -
653 2949 691 2989 20.
714 2943 751 2988 Cf.
766 2944 816 2989 Cic.
826 2961 871 3005 pro
889 2945 961 2990 Sulla
978 2950 1015 3001 ll,
1032 2951 1061 2992 tn
1083 2963 1088 2990 :
1106 2965 1117 2987 ιι
1139 2945 1186 2991 Tot
1204 2963 1241 2993 res
1259 2958 1345 3004 tantas,
1359 2959 1408 2996 taut

259 3015 345 3071 varias,
355 3024 403 3059 tarn
417 3015 562 3074 repentinas.
577 3034 587 3055 n

259 3161 290 3205 du
305 3157 368 3204 droit
387 3168 410 3203 et
423 3158 482 3203 celle
499 3158 529 3202 de
547 3158 569 3202 la
586 3158 738 3219 philosophie
753 3171 805 3206 sont
892 3168 930 3206 20.
942 3161 996 3208 Nisi
1008 3172 1043 3219 ut,
1055 3179 1107 3209 sans
1119 3180 1173 3224 que.
1183 3164 1220 3211 Cf.
1236 3165 1317 3223 Quint.
1328 3169 1356 3223 V,
1368 3174 1406 3223 to,

258 3232 300 3276 des
312 3228 408 3275 miseras
421 3245 466 3274 aux
481 3245 540 3288 >eux
554 3231 584 3274 de
594 3245 632 3274 ces
642 3241 757 3275 orateurs.
861 3238 889 3277 a7
904 3249 910 3276 ι
925 3253 936 3273 ιι
950 3235 1076 3294 Nunquam
1090 3235 1172 3296 itaque
1189 3238 1288 3282 tolletur
1301 3254 1313 3281 a
1328 3240 1407 3298 specie

290 3301 400 3350 xxxttt
416 3307 462 3344 t-a.
477 3299 677 3362 Differentiam...
687 3302 804 3349 (adversas.
862 3323 872 3345 ιι
891 3320 973 3363 genus,
986 3304 1030 3349 nisi
1045 3316 1072 3351 ut
1083 3322 1164 3353 omnes
1176 3308 1277 3369 species,
1291 3321 1407 3369 quaesunt

260 3372 297 3418 Cf.
310 3374 375 3418 Ann.
394 3371 437 3427 ΙΙΙ,
449 3378 478 3415 29
494 3387 499 3415 z
514 3392 525 3412 ιι
539 3373 571 3417 Et
582 3370 696 3433 privignis
708 3390 760 3418 cum
774 3374 806 3418 vi·
862 3396 872 3417 ιι
892 3375 972 3437 generi
984 3377 1104 3436 subJectae,
1116 3392 1291 3426 removeantur.
1307 3399 1318 3420 n
1334 3382 1406 3437 Ptin„

262 3464 272 3486 ιι
291 3443 351 3489 trien
369 3443 445 3487 levior
459 3443 616 3499 necessitudo,
632 3459 702 3503 quarn
722 3445 804 3490 adrer-
859 3450 904 3508 Ep.
924 3449 956 3503 ll,
979 3455 1015 3503 tt,
1030 3456 1074 3494 tt:
1089 3469 1100 3491 ιι
1117 3453 1199 3511 Neque
1216 3451 1278 3496 enim
1295 3454 1346 3512 jam
1366 3453 1406 3497 iu-

262 3538 272 3559 «
291 3532 341 3560 surn
367 3524 494 3574 nepotem3
510 3534 520 3555 n
543 3518 595 3570 XV,
616 3520 657 3560 tt:
678 3535 688 3556 ιι
707 3520 746 3561 Jus
760 3533 803 3560 na·
862 3537 872 3558 ιι
891 3519 1078 3580 choaripoterat
1093 3522 1163 3576 actio,
1176 3523 1220 3568 nisi
1238 3533 1263 3568 ut
1282 3523 1357 3569 noetis
1371 3524 1407 3569 in-

262 3608 272 3629 «
292 3599 359 3642 turee,
369 3586 462 3631 labores
482 3585 596 3631 educandi
615 3587 724 3632 adversus
739 3587 805 3633 frau-

261 3681 272 3702 ιι
292 3660 346 3704 dem
362 3667 385 3703 et
397 3668 460 3702 artes
475 3667 498 3701 et
517 3657 656 3702 brevitatem
672 3660 805 3719 adoptionis

262 3751 272 3771 ιι
291 3740 438 3775 enumerant.
457 3749 467 3770 n
486 3730 517 3775 Et
531 3728 584 3787 ddja
597 3729 732 3794 Tite-Line,
749 3734 804 3787 Vll,

261 3808 299 3856 aa,
315 3807 338 3846 a.

291 3879 314 3921 7.
326 3873 418 3927 Cetera,
425 3872 447 3915 le
456 3870 616 3926 restae-tad.
629 3891 640 3912 ιι
648 3872 732 3931 quibus
741 3888 806 3916 exer-

261 3963 272 3983 ιι
290 3942 470 3987 citationibus...
482 3942 619 3986 confirmare
634 3953 658 3987 et
669 3942 732 3987 alere
743 3943 806 4004 iuge·

261 4034 272 4054 ιι
290 4014 328 4058 nia
339 4030 379 4058 sua
394 4013 457 4057 soliti
470 4012 523 4058 siut.
542 4034 552 4054 n

292 4091 329 4130 ta.
350 4084 492 4147 Signisteure
511 4085 576 4129 rtrltn
594 4083 711 4141 videntur,
731 4086 746 4130 il
766 4102 804 4132 me

259 4158 346 4215 paruit,
364 4157 376 4198 a
395 4156 446 4200 leur
460 4155 531 4211 minc,
551 4155 620 4216 qu'ils
641 4166 693 4201 sont
713 4158 743 4201 de
766 4168 804 4202 cet

260 4227 307 4270 avis
317 4223 414 4288 (ela-d,
423 4227 547 4287 facultate
558 4238 580 4271 et
593 4243 636 4271 usu
651 4228 804 4289 eloquentium

259 4295 391 4358 coratiucrtl.

292 4375 329 4415 ts.
345 4367 461 4413 Messalla
483 4367 553 4429 quiesi
568 4385 650 4413 rursus
669 4369 781 4432 incipiens
798 4390 807 4416 .-

261 4460 273 4482 ιι
291 4438 414 4500 Quoniam,
432 4449 478 4483 etc.
497 4459 516 4482 n.
537 4442 570 4484 On
585 4441 714 4499 rapproehe
735 4443 805 4487 dece

259 4527 357 4573 passage
371 4509 433 4556 celui
446 4511 475 4555 de
488 4508 595 4562 uictam.
608 4514 676 4557 Brut.
691 4519 729 4569 55,
744 4520 784 4558 201
797 4530 802 4557 :

262 4603 272 4625 ι
288 4585 320 4629 Et
336 4599 380 4643 ego
402 4591 512 4642 tanquam
530 4582 559 4627 tle
579 4582 672 4644 integra
691 4585 804 4630 ordiens:

261 4675 272 4699 ιι
291 4654 391 4713 Qrtaudo
403 4653 484 4716 igitur,
498 4663 544 4701 etc.
564 4674 575 4698 n

861 3610 872 3632 ιι
892 3600 998 3636 terrentu
1009 3592 1162 3639 scinderetur.
1174 3614 1185 3636 n
1198 3597 1272 3640 -Le
1286 3595 1406 3639 raisonne-

860 3673 925 3707 ment
937 3678 1039 3723 manque
1053 3679 1082 3706 uu
1095 3680 1141 3723 peu
1155 3667 1184 3710 de
1200 3665 1281 3722 clartt't,
1294 3666 1405 3712 Messalla

860 3732 949 3777 l'aroue
973 3732 1106 3784 lui-meme.
1129 3737 1197 3781 Volci
1221 3739 1300 3798 quelle
1326 3748 1361 3782 est
1383 3739 1405 3783 la

860 3803 945 3862 piensee
961 3820 966 3848 :
984 3824 994 3845 ιι
1010 3807 1042 3850 La
1055 3806 1166 3866 pratique
1178 3818 1213 3852 est
1228 3824 1258 3853 en
1275 3807 1357 3854 rtatitt
1372 3810 1406 3854 in·

860 3873 983 3933 siparable
995 3876 1025 3920 de
1037 3875 1059 3920 ln
1074 3876 1174 3922 theorie.
1191 3880 1228 3925 Eu
1242 3883 1308 3937 css'et,
1328 3896 1359 3925 on
1376 3897 1405 3926 ne

859 3955 916 4004 peut
935 3945 1048 4005 penetret·
1068 3947 1102 3992 les
1118 3959 1205 3994 seerets
1224 3951 1254 3995 de
1273 3950 1294 3995 la
1314 3952 1404 3997 seleuce

859 4033 911 4060 sans
921 4018 955 4076 s'y
970 4019 1096 4080 appliquer
1108 4020 1138 4065 de
1151 4031 1228 4066 tontes
1239 4021 1272 4067 les
1287 4021 1363 4067 forces
1376 4024 1406 4069 de

858 4088 879 4132 la
898 4087 1026 4145 reflexi0n3
1042 4106 1078 4146 or,
1094 4092 1116 4135 la
1129 4091 1240 4137 raillexion
1255 4094 1333 4152 ajoute
1351 4096 1363 4137 a
1384 4095 1405 4138 la

858 4159 978 4217 puissauce
989 4162 1018 4206 de
1028 4162 1118 4222 l'esprit
1131 4174 1155 4208 et
1165 4163 1197 4208 lui
1206 4175 1297 4224 permet
1309 4164 1406 4210 descire

859 4231 910 4290 plus
920 4244 1018 4278 souveut
1026 4245 1050 4279 et
1057 4235 1307 4294 pluscommodement
1318 4236 1406 4296 l'expd·

859 4303 937 4347 rience
950 4304 1028 4350 deses
1043 4304 1126 4350 forces.
1149 4325 1160 4346 n
1183 4308 1239 4352 Cela
1261 4323 1363 4367 suppose
1376 4324 1405 4352 un

860 4374 1035 4435 enseignemeut
1050 4377 1106 4422 dans
1122 4378 1200 4437 lequel
1213 4378 1246 4423 les
1259 4378 1336 4424 eleves
1352 4379 1404 4424 n'd-

860 4445 934 4490 taient
945 4463 986 4506 pas
996 4448 1092 4493 exerces
1102 4449 1232 4494 seulement
1243 4451 1254 4493 a
1265 4451 1404 4511 reproduire

860 4517 880 4560 la
891 4518 977 4576 pensae
995 4520 1026 4564 du
1040 4522 1124 4563 maltre
1134 4536 1140 4574 ;
1152 4519 1180 4564 ils
1193 4521 1301 4567 dernient
1313 4523 1335 4566 la
1352 4522 1405 4567 mi-

860 4589 931 4645 diter‚
957 4606 1017 4650 pour
1040 4591 1139 4649 pouvoir
1159 4590 1179 4635 la
1213 4590 1358 4654 direlcpper
1380 4604 1405 4644 et

859 4660 936 4707 rueme
951 4661 972 4709 la
986 4661 1097 4717 discuter,
1112 4677 1140 4707 au
1153 4662 1247 4726 besola.
