3196 5256
252 482 291 539 rt
634 482 842 538 coatttmt
876 482 1022 539 'rtem

255 614 422 700 letantur,
446 614 645 685 debilitatur
670 640 710 685 ac
739 614 910 711 frangitur
931 616 1140 711 eloquentia.
1169 620 1282 714 Ipsam
1314 620 1404 716 quin

202 742 234 795 to
254 731 360 801 immo
377 756 495 801 curam
513 747 547 802 ct
566 730 740 827 diligentis
759 731 825 801 stili
846 731 1051 803 anxietatem
1071 734 1279 803 contrariam
1297 759 1402 832 expe·

255 848 374 933 nimiu,
402 848 483 945 quia
502 874 591 944 sape
613 848 802 945 interrogat
818 848 936 942 judex,
960 848 1099 945 quando
1119 850 1275 947 incipias,
1302 867 1337 922 et
1359 878 1403 923 ex

255 963 525 1061 interrogatione
547 966 620 1059 ejus
645 964 881 1060 incipiendum
903 979 965 1035 est.
991 966 1207 1062 Frequenter
1225 968 1401 1064 probatio·

254 1080 355 1151 nibus
376 1096 411 1151 et
434 1082 577 1153 testibus
596 1081 769 1151 silentium
792 1085 1021 1177 importunus
1041 1082 1174 1154 indicit.
1193 1086 1292 1154 Unus
1309 1085 1403 1157 inter

255 1196 328 1267 bne
357 1198 486 1270 dicenti
511 1213 570 1268 ant
597 1199 684 1268 alter
713 1197 848 1284 assistit,
881 1211 916 1268 ct
944 1223 998 1269 res
1017 1199 1111 1269 velut
1145 1199 1180 1269 in
1215 1201 1403 1274 solitudine

202 1328 233 1379 15
254 1317 378 1413 agitur.
402 1317 540 1387 Orator-i
561 1332 675 1387 autem
696 1317 847 1386 elamore
866 1317 1057 1412 plausuque
1074 1342 1161 1413 epus
1184 1333 1234 1388 est
1253 1333 1287 1389 et
1306 1321 1402 1390 velut

255 1434 405 1528 <prodam
425 1433 581 1521 tlieatr03
604 1433 716 1529 qualia
734 1433 862 1504 cotidie
883 1432 1032 1528 antiquis
1052 1434 1246 1504 oratoribus
1265 1437 1401 1507 contin·

254 1551 393 1647 gebaut,
418 1577 496 1619 eum
517 1566 567 1620 tot
587 1551 717 1646 pariter
737 1576 777 1619 ac
800 1565 868 1619 tam
897 1549 1030 1620 nobiles
1054 1549 1168 1619 forum
1188 1567 1398 1640 coartarent,

255 1692 334 1737 cum
353 1667 519 1738 clientela
538 1692 677 1762 quoquc
697 1691 736 1736 ac
755 1666 863 1735 tribus
878 1691 918 1735 ac
938 1665 1206 1762 municipiorum
1226 1669 1329 1739 etiam
1346 1668 1403 1739 lc-

254 1783 410 1879 gationcs
436 1810 475 1852 ac
501 1809 578 1878 pars
600 1782 706 1851 Italian
735 1782 1009 1878 periclitantibus
1036 1782 1220 1870 assisteret,
1253 1810 1332 1854 eum
1364 1784 1403 1854 in

200 1915 234 1969 ta
254 1899 429 1995 plerisque
445 1898 584 1993 judiciis
605 1897 764 1969 crederet
784 1899 932 1995 populus
957 1901 1130 1968 Roriianus
1152 1925 1211 1969 sua
1237 1900 1403 1972 interesse

255 2015 339 2111 quid
355 2014 583 2107 judicaretur.
613 2015 700 2084 Satis
727 2029 859 2084 constat
885 2018 926 2083 (l.
950 2015 1153 2085 Cornelium
1170 2032 1205 2088 ct
1224 2019 1275 2086 M.
1297 2020 1404 2088 Scau-

258 2156 332 2200 rum
352 2144 387 2200 et
406 2133 447 2198 T.
468 2130 635 2200 Milonem
652 2146 685 2200 et
702 2133 744 2199 Ῑι.
762 2131 909 2200 bestiam
922 2145 956 2200 et
973 2133 1012 2200 P.
1033 2132 1211 2202 Vatinium
1229 2159 1403 2204 concursu

254 2246 358 2317 totius
394 2246 539 2317 civitatis
568 2261 601 2318 et
628 2260 805 2316 accusatos
837 2261 871 2318 et
897 2246 1069 2334 defensos,
1100 2264 1138 2318 ut
1162 2249 1403 2346 frigidissimos

255 2389 395 2460 quoque
419 2378 574 2435 oratores
603 2365 675 2461 ipsa
704 2363 866 2434 certantis
894 2364 1013 2460 populi
1038 2365 1149 2435 studia
1182 2367 1332 2438 excitare
1368 2384 1404 2439 ct

200 2496 233 2549 25
255 2480 442 2551 incendere
457 2480 646 2577 potuerint.
663 2483 781 2575 ltaque
794 2479 934 2551 hercule
952 2482 1025 2575 ejus
1044 2481 1138 2552 modi
1159 2481 1234 2552 libri
1254 2499 1398 2573 exstant,

285 2681 436 2725 Vsnrsnrns.
455 2704 487 2714 -
502 2684 538 2723 sa.
551 2677 699 2738 importunus
716 2676 897 2724 Weissenborn:
909 2687 1020 2738 patrenus
1032 2694 1088 2724 mss.

287 2751 335 2797 NG.
356 2757 391 2795 tt.
411 2750 431 2795 ll
444 2759 479 2795 est
492 2749 630 2808 impossible
646 2750 676 2794 de
691 2764 816 2796 conserver
823 2759 948 2812 patronus,
962 2765 1002 2794 cer
1018 2750 1079 2795 celui
1094 2749 1135 2812 qui
1147 2749 1238 2812 imposc
1253 2751 1341 2798 silence
1356 2768 1402 2799 anx

255 2821 356 2868 tirnoius
369 2821 425 2865 c'est
436 2819 594 2866 dvidcmmcnt
606 2820 628 2866 le
639 2822 705 2883 juge.
722 2824 753 2867 La
764 2820 896 2866 correction
910 2821 940 2866 de
955 2821 1125 2867 Weissenborn
1140 2838 1177 2868 me
1191 2825 1269 2884 parsit
1281 2823 1366 2885 sinple
1379 2836 1404 2873 et

255 2894 384 2940 noturelle:
399 2892 444 2937 elle
456 2908 558 2953 suppose
573 2908 617 2937 nuc
632 2892 755 2938 confusion
769 2893 798 2938 dc
811 2894 893 2939 lettres
903 2902 927 2937 et
939 2892 1016 2938 (lanne
1032 2909 1063 2938 an
1075 2909 1128 2939 sens
1138 2893 1264 2942 excellent.

288 3043 324 3082 to.
340 3035 400 3082 Sitti
410 3035 562 3091 rrrrxictatenr,
577 3036 611 3081 les
626 3035 688 3081 seins
704 3035 802 3080 me'ticu-

255 3109 310 3155 lenx
328 3123 373 3169 que
384 3123 441 3152 noirs
454 3108 559 3151 desinens
572 3109 583 3151 is
597 3109 618 3152 ln
635 3106 801 3167 composition.

255 3207 286 3215 -
309 3178 465 3228 Contrarium.
489 3181 550 3239 voy.
578 3179 630 3238 plns
661 3179 733 3238 bant,
763 3178 801 3223 ch.

256 3265 335 3306 xxxv,
350 3258 386 3295 ta.

289 3327 326 3366 tt,
344 3322 440 3377 Quirinio
457 3320 566 3382 incipias,
583 3321 670 3370 c.-is·d.
683 3321 762 3381 ‹parnnd
772 3337 803 3365 on

257 3392 370 3438 abordern
381 3391 496 3437 vraimcut
506 3393 528 3437 lc
540 3392 608 3453 point
620 3393 649 3436 dc
661 3392 682 3437 la
693 3407 769 3437 cume.

290 3471 326 3510 tt.
346 3466 415 3510 Tot...
433 3480 461 3510 uc
475 3474 524 3508 tam
536 3463 633 3509 nobiles.
654 3465 671 3509 ll
688 3463 747 3508 n'est
762 3479 803 3524 pas

258 3535 338 3582 beroia
353 3534 495 3597 qu’boniincs
509 3535 553 3581 soit
570 3533 686 3596 exprime,
699 3533 729 3580 cf.
748 3537 802 3583 Seu.

856 3036 930 3095 ‹lopcr
942 3052 971 3081 nc
981 3052 1038 3081 nous
1050 3053 1062 3081 s
1072 3053 1115 3096 pas
1126 3037 1164 3083 ite'
1174 3053 1221 3084 non
1233 3037 1404 3100 plusconservri

856 3119 886 3149 cn
896 3114 980 3149 eutrer.

888 3181 927 3220 22.
948 3178 972 3220 Τ.
988 3175 1109 3223 Milonem.
1129 3180 1161 3223 Le
1177 3176 1261 3238 proces
1277 3179 1307 3224 de
1328 3179 1405 3226 Milon

856 3256 891 3291 est
909 3245 963 3291 bien
976 3263 1059 3294 eonnu.
1074 3273 1106 3283 -
1121 3251 1151 3295 L.
1172 3249 1284 3307 Bestiam,
1304 3252 1330 3297 L.
1351 3251 1405 3298 Cel·

855 3317 952 3377 purnius
964 3320 1051 3375 Bestia,
1065 3321 1144 3365 tribuo
1160 3321 1192 3366 du
1210 3323 1298 3382 penple
1315 3338 1345 3368 en
1364 3329 1404 3380 62,

857 3388 919 3435 edile
934 3389 1044 3451 plebiien
1058 3408 1087 3436 en
1103 3399 1146 3449 583
1161 3392 1272 3438 candidat
1288 3395 1300 3438 is
1318 3395 1339 3438 la
1350 3393 1405 3455 prsi-

856 3472 909 3507 ture
924 3477 954 3507 en
978 3468 1016 3517 56,
1037 3461 1105 3509 illut
1124 3462 1205 3508 acensi
1226 3464 1256 3509 de
1276 3463 1359 3527 briguc
1380 3476 1405 3513 et

857 3533 959 3578 dclcndu
974 3549 1017 3593 par
1031 3534 1144 3589 Ciee'ron3
1158 3535 1189 3580 cf.
1208 3535 1258 3584 Cic.
1273 3536 1307 3581 ad
1321 3535 1403 3595 Quint.

257 3611 302 3670 Ep.
320 3614 373 3664 lott,
389 3613 431 3653 38:
452 3628 462 3650 a
480 3607 525 3652 'l'ot
543 3623 568 3652 ac
584 3606 663 3653 talium
683 3604 710 3669 (s.
729 3621 749 3651 e.
768 3606 803 3651 vi·
849 3605 891 3666 fr.
909 3604 941 3661 ll,
959 3610 983 3661 ³,
1000 3613 1025 3651 a:
1044 3625 1054 3647 u
1072 3609 1099 3652 Α.
1116 3607 1139 3651 d.
1157 3607 1202 3653 111.
1218 3607 1252 3652 ld.
1271 3608 1340 3654 Febr.
1354 3607 1405 3655 dixi

259 3696 358 3725 rorum.
379 3698 390 3720 n

291 3758 327 3796 tn.
340 3677 477 3806 insisteret,
491 3766 520 3795 aa
533 3750 652 3811 singulicr,
665 3765 736 3810 parce
747 3748 804 3810 qu'il

259 3823 376 3868 s'acrorde
389 3838 444 3867 avec
461 3822 484 3867 le
499 3821 595 3867 dernier
605 3821 667 3880 snjet
685 3818 804 3881 exprimb3

258 3895 314 3939 e'cst
327 3910 358 3939 un
373 3903 428 3939 tour
440 3892 551 3954 frequent
565 3909 593 3938 cn
611 3891 677 3937 latin.
694 3891 731 3938 Cf.
748 3890 804 3938 Rie-

259 3981 337 4021 inanu,
350 3969 420 4023 Synt.
437 3964 481 4010 lut.
494 3964 517 4025 5.
530 3970 571 4020 23,
584 3963 606 4009 b.

290 4044 329 4082 21,
344 4040 369 4083 (ἶ.
384 4035 523 4083 cornelium.
543 4038 570 4081 C.
591 4035 723 4091 Cornelius,
737 4049 807 4096 ques·

259 4117 313 4153 tcur
324 4108 353 4151 de
364 4106 477 4167 Pompde,
488 4107 566 4152 tribnn
582 4107 614 4151 ‹ln
625 4107 713 4166 pcnplc
726 4121 755 4150 en
767 4111 806 4160 et,

258 4178 295 4225 int
312 4177 392 4223 arensi
409 4180 440 4223 dn
457 4178 528 4224 crime
545 4180 574 4223 dc
589 4176 759 4238 lise-msjcste,
777 4192 806 4221 cu

261 4258 299 4307 65,
310 4265 353 4309 par
367 4252 393 4294 l’.
406 4249 526 4294 Cominius
541 4250 570 4294 de
584 4250 681 4309 Spolitc
698 4247 737 4311 (cl.
754 4248 803 4294 Cic.

259 4324 325 4366 Brut.
339 4326 378 4374 ta,
392 4318 457 4380 271),
477 4330 501 4364 et
516 4319 619 4365 diicndu
636 4335 680 4380 per
695 4318 805 4374 Cicdron,

260 4395 317 4439 daus
332 4391 393 4436 deux
404 4390 518 4444 discours,
531 4391 590 4435 dont
602 4390 619 4435 il
633 4406 662 4436 ne
673 4406 730 4437 nous
745 4400 807 4436 reste

260 4481 307 4527 quc
330 4464 371 4508 des
394 4460 530 4522 lrsgrrieuts.
556 4487 588 4497 -
621 4464 653 4507 ll.
680 4466 807 4515 Scaurum,

260 4539 294 4581 M.
310 4534 417 4583 AErnilius
433 4538 541 4584 Scaurus,
558 4531 656 4593 priteur
669 4548 699 4578 en
716 4533 808 4578 Serdai-

261 4623 305 4667 gue
316 4622 345 4651 eu
357 4614 395 4667 tt,
406 4603 488 4650 arensis
500 4606 529 4650 dc
538 4604 674 4650 roncnsaien
685 4620 713 4649 en
727 4610 754 4649 bt
766 4620 809 4666 pur

262 4678 366 4728 'l'riurins
379 4687 401 4722 et
415 4677 517 4723 dilcndu
530 4693 574 4741 par
586 4676 693 4724 Ciciron.
705 4678 739 4721 (lc
749 4677 809 4741 plui-

858 3698 869 3718 ιι
888 3692 933 3736 pro
952 3677 1030 3722 Bestia
1050 3678 1080 3722 de
1100 3678 1189 3723 ambitu
1199 3680 1263 3738 apud
1278 3689 1404 3739 praetorern

859 3768 870 3790 ιι
890 3750 934 3795 Cn.
949 3747 1078 3793 Domitium
1093 3748 1117 3793 in
1130 3747 1183 3794 foro
1197 3749 1286 3807 medio,
1301 3750 1405 3796 maximo

859 3840 870 3861 ιι
888 3828 1012 3864 conventu.
1038 3838 1048 3860 n
1067 3822 1130 3865 Nous
1146 3820 1241 3865 n'evons
1259 3821 1309 3867 rien
1329 3823 1360 3868 de
1377 3837 1405 3868 cc

857 3890 970 3935 discours.
988 3915 1019 3925 -
1041 3891 1071 3936 P.
1089 3890 1224 3949 Vatinium,
1242 3909 1295 3956 voy.
1317 3911 1346 3940 uu
1364 3892 1402 3939 ch.

857 3975 913 4018 xxi,
930 3968 967 4007 tt).

891 4039 929 4079 25.
943 4035 1026 4096 Itaque
1037 4031 1130 4078 terente
1142 4033 1193 4098 ejus
1208 4036 1271 4082 modi
1287 4035 1346 4082 titre·
1360 4051 1404 4082 ex-

859 4114 961 4159 stant‚...
979 4107 1012 4150 Le
1029 4120 1081 4150 sens
1100 4121 1137 4151 sne
1154 4110 1232 4168 psrait
1249 4108 1300 4154 etre
1316 4125 1321 4154 ε
1337 4109 1406 4155 Ausci

859 4177 893 4221 les
905 4176 1010 4221 discours
1020 4176 1149 4237 politiques
1159 4192 1205 4238 que
1213 4194 1270 4224 nous
1280 4194 1351 4224 avons
1362 4194 1407 4224 en-

860 4263 963 4293 core-
982 4257 1005 4292 et
1031 4248 1088 4292 dens
1112 4248 1214 4310 lesquels
1239 4250 1273 4296 les
1299 4260 1407 4296 erstenrs

861 4318 950 4364 itaient
967 4318 1054 4364 excitis
1071 4329 1096 4364 et
1112 4331 1222 4367 sontenns
1242 4323 1334 4381 parles
1350 4337 1408 4383 pas-

862 4390 924 4436 sions
939 4392 968 4436 de
983 4391 1118 4437 l'auditoirc
1132 4417 1163 4427 -
1177 4402 1229 4438 sont
1239 4393 1258 4438 si
1272 4408 1408 4455 remerqus·

861 4463 911 4508 bles
926 4480 972 4523 quc
982 4479 1041 4509 ceux
1051 4464 1092 4523 qui
1105 4464 1139 4509 les
1153 4473 1194 4509 ont
1201 4463 1332 4524 pronuncies
1341 4465 1409 4512 n'ont

860 4549 901 4595 pas
912 4535 941 4579 de
954 4535 1006 4594 plus
1021 4535 1097 4579 bem
1110 4533 1177 4579 titres
1189 4535 1219 4579 de
1234 4536 1309 4596 gloirc
1319 4534 1408 4598 (mense

861 4606 917 4650 dens
931 4606 993 4650 leurs
1002 4604 1138 4665 plsidoyers
1150 4604 1222 4663 cirils‚
1231 4622 1322 4653 comme
1332 4607 1355 4652 lc
1364 4622 1408 4672 pm

861 4674 958 4731 Archia,
971 4691 1015 4739 per
1024 4672 1152 4741 exemple).
