3196 5256
296 462 362 536 'ro
711 475 919 530 connunu
952 475 1091 530 'raeiri

291 611 480 692 5eludcrc,
509 623 547 677 ut
570 609 616 677 ait
643 608 780 693 Cicero,
814 608 950 677 ludum
980 608 1242 703 impudentiae
1263 610 1349 703 jussi
1377 626 1474 681 sunt.

327 727 394 796 Sed
415 740 453 794 ut
473 725 590 794 dicere
611 724 837 810 institueram,
863 724 1084 794 deducuntur
1103 725 1138 793 in
1158 725 1303 810 scholas,
1327 729 1368 796 ia
1393 728 1478 821 qui-

326 845 389 911 bus
409 868 480 911 uon
498 841 598 911 facile
618 841 764 910 dixerim
784 856 945 910 utrumne
966 842 1061 909 loeus
1081 841 1153 935 ipse
1173 866 1216 909 an
1243 841 1477 936 condiscipuli

327 985 370 1028 an
403 984 512 1054 genus
542 957 733 1026 studiorum
761 959 838 1051 plus
866 957 946 1025 mali
972 957 1118 1052 ingeniis
1142 959 1298 1026 aflerant.
1327 959 1419 1028 Nam
1440 959 1477 1026 in

327 1076 404 1143 loeo
423 1075 510 1144 nihil
535 1074 737 1144 reverentiae
765 1088 826 1159 est,
858 1074 893 1141 in
915 1099 1018 1168 quem
1036 1098 1138 1143 nemo
1157 1073 1221 1141 uisi
1243 1099 1339 1167 aeque
1359 1073 1477 1168 impe-

274 1210 306 1261 10
328 1192 412 1260 ritus
440 1191 563 1277 intret;
593 1191 628 1258 in
656 1189 900 1284 condiscipulis
933 1189 1019 1258 nihil
1049 1188 1236 1284 proiectus,
1267 1215 1345 1258 cum
1371 1192 1477 1285 pueri

326 1309 417 1377 inter
433 1332 560 1402 pueros
580 1322 613 1376 et
633 1306 881 1380 adulescentuli
907 1307 996 1375 inter
1021 1305 1297 1375 adulescentulos
1319 1307 1396 1401 pari
1419 1333 1477 1376 se-

327 1425 471 1493 curitate
497 1438 530 1492 et
560 1422 675 1491 dicant
695 1438 729 1491 et
755 1422 960 1508 audiantur3
990 1422 1070 1516 ipsae
1096 1446 1180 1490 vcro
1212 1421 1477 1490 exercitationes

325 1565 447 1635 magna
468 1555 626 1633 exparte
647 1539 839 1607 contrariae.
864 1540 999 1633 Nempe
1020 1538 1110 1607 enim
1132 1538 1201 1605 duo
1221 1562 1348 1632 genera
1367 1553 1476 1607 mate-

325 1657 454 1726 riarum
475 1655 566 1750 apud
587 1656 743 1725 rhetoras
762 1670 964 1741 tractantur,
987 1654 1145 1723 suasorioe
1162 1669 1196 1723 et
1213 1655 1472 1723 controversias.

273 1793 304 1844 15
326 1777 376 1841 Ex
396 1773 449 1841 his
476 1773 635 1841 suasoriae
660 1771 813 1867 (pridem,
836 1787 999 1866 tanquam
1019 1773 1119 1866 plane
1139 1770 1286 1839 leviores
1307 1785 1341 1840 ct
1360 1771 1476 1840 minus

324 1889 518 1984 prudentiae
539 1889 726 1984 exigentes,
751 1889 867 1982 pueris
896 1888 1113 1983 delegantur,
1145 1887 1388 1956 controversiae
1415 1914 1476 1957 ro-

324 2005 535 2074 bustioribus
555 2005 782 2100 assignantur,
807 2005 937 2099 quales,
962 2030 1025 2098 per
1045 2003 1160 2089 fidem,
1180 2019 1214 2073 et
1234 2029 1335 2098 quam
1356 2005 1476 2075 inere-

325 2121 477 2189 tlibiliter
511 2121 727 2214 compositael
758 2121 922 2215 Sequitur
945 2135 1072 2207 autem,
1103 2136 1141 2189 ut
1168 2121 1318 2190 materiae
1343 2121 1476 2190 ablior-

325 2237 414 2308 renti
442 2262 460 2305 a
487 2236 630 2307 veritate
658 2237 861 2307 declamatio
891 2261 1029 2333 quoque
1057 2236 1272 2306 adhibeatur.
1297 2236 1353 2305 Sic
1373 2235 1412 2305 fit
1437 2253 1477 2309 ut

356 2517 554 2563 renunes-
574 2523 596 2561 6.
620 2515 644 2559 in
659 2514 733 2559 addit.
752 2517 781 2559 de
806 2513 987 2578 Seliurzfleiscd.
1002 2539 1034 2548 —
1050 2521 1072 2558 a.
1091 2522 1126 2557 est
1149 2509 1187 2575 (aa
1205 2512 1305 2576 seilicet)
1325 2512 1476 2558 Acidaliae:

325 2588 366 2633 sed
383 2603 438 2632 mss.
455 2613 487 2622 -
505 2594 542 2632 40,
558 2587 631 2631 intret
652 2585 785 2647 Nipperdey
804 2607 811 2632 :
827 2587 901 2631 intrat
920 2602 974 2631 mss.
997 2611 1028 2620 -
1042 2592 1050 2629 4
1057 2591 1079 2630 5.
1096 2585 1192 2645 quidem
1208 2600 1268 2629 corr.
1280 2586 1319 2630 L:
1336 2584 1395 2646 quid
1410 2584 1475 2647 (qui-

324 2661 377 2706 dem
389 2663 418 2715 F,
432 2660 496 2719 quod
509 2657 529 2721 a)
543 2668 579 2703 est
591 2674 683 2703 atsn-
699 2665 737 2703 47.
753 2658 879 2718 perfidem
892 2661 926 2703 va
939 2678 946 2703 :
960 2656 1060 2717 perfidie
1069 2659 1094 2704 V
1095 2659 1122 2703 L.

355 2733 402 2778 NC.
422 2738 443 2775 6.
460 2730 597 2777 L'additioa
609 2730 639 2775 de
651 2729 675 2774 iu
693 2740 727 2775 est
741 2728 822 2792 exigee
838 2745 883 2792 par
896 2731 918 2776 le
934 2745 985 2776 sens
998 2739 1022 2775 et
1033 2745 1077 2791 par
1096 2730 1117 2775 la
1135 2729 1270 2775 correction
1286 2728 1473 2792 graurrumieale.

323 2956 383 3000 done
410 2953 558 3013 posterienre
581 2955 593 2997 a
616 2953 786 2998 l'interdietion
810 2969 868 3014 pro-

322 3024 410 3070 nonede
425 3041 468 3083 par
480 3027 575 3070 Crassus
588 3035 612 3069 et
624 3025 752 3079 Domitius,
768 3027 779 3068 a
793 3026 869 3071 nudus

323 3111 369 3155 que
379 3095 401 3140 la
415 3095 469 3139 date
480 3096 492 3138 a
506 3094 609 3154 laquelle
618 3097 642 3139 S.
654 3092 748 3139 lirome
758 3097 825 3154 parle
839 3097 869 3140 de

322 3166 412 3211 Plotius
425 3180 454 3210 ne
466 3165 513 3210 soit
525 3181 567 3225 pas
578 3166 638 3209 celle
655 3166 684 3209 de
697 3165 788 3211 l’annee
800 3168 830 3210 οὺ
843 3183 869 3212 ee

323 3238 419 3282 rheteur
430 3237 543 3298 inaugura
556 3252 592 3281 ses
607 3238 694 3295 leeons.
707 3238 739 3282 Ce
753 3238 812 3282 n'est
827 3254 870 3297 pas

322 3308 474 3367 impossible,
496 3323 536 3352 ear
558 3308 593 3352 les
615 3305 719 3353 rlu'steurs
742 3309 803 3354 vises
826 3326 870 3369 par

323 3382 419 3424 Crassus
434 3378 524 3423 etaient
536 3378 614 3433 latius,
626 3388 649 3423 et
660 3395 717 3423 nous
731 3396 812 3425 savons
822 3397 868 3442 que

322 3450 413 3496 Plotius
426 3460 461 3494 est
478 3449 555 3510 parmi
573 3451 663 3495 ceux-ei
678 3451 700 3494 le
718 3452 821 3510 premier
839 3469 868 3497 en

322 3524 385 3567 date.
405 3525 436 3568 La
457 3532 540 3567 teneur
558 3522 587 3566 de
605 3520 673 3566 l'idit
695 3522 871 3570 d’interdiction

322 3611 403 3640 nausa
417 3593 455 3638 tte
472 3591 595 3639 conserree
613 3609 656 3652 par
673 3594 784 3651 Suetone,
801 3595 869 3645 Rdet.

324 3674 349 3722 {3
362 3677 385 3712 et
401 3668 458 3711 dans
471 3667 579 3720 Ciciron,
592 3666 620 3710 ale
637 3667 704 3710 Orat.
720 3669 763 3723 Ill,
778 3673 816 3721 at,
830 3673 869 3724 aa,

323 3740 418 3784 Crassus
439 3738 551 3798 euplique
563 3737 597 3781 les
618 3736 699 3781 motifs
713 3739 754 3798 qui
770 3739 803 3783 lui
822 3739 870 3783 die·

323 3810 400 3855 terent
413 3826 435 3854 sa
449 3809 561 3854 decision.

354 3890 376 3926 ὅ.
390 3882 480 3926 Laedunt
491 3880 643 3942 impudentia.
654 3879 753 3927 Cicdron
768 3878 809 3925 fait
819 3882 870 3926 (lire

323 3955 335 3998 it
356 3956 460 4008 Crassus,
475 3953 503 3996 de
521 3954 589 3997 orat.
607 3954 651 4007 Ill,
667 3959 706 4005 tt,
720 3958 749 3997 at
768 3969 773 3996 ι
792 3973 802 3993 a
821 3956 870 3997 Hoc

322 4042 374 4070 rum
390 4040 459 4068 unum
476 4024 610 4068 traderetur
622 4033 646 4068 et
659 4040 711 4067 eum
725 4023 870 4084 impudentiae

323 4096 392 4140 Iudas
404 4106 471 4150 esset,
485 4095 566 4154 putari
581 4111 631 4139 esse
647 4096 800 4151 eeus01·is,ne
815 4096 869 4140 lon-

322 4167 372 4226 gius
387 4168 410 4211 id
423 4176 540 4226 serperet,
554 4167 688 4225 providere.
702 4186 712 4208 n

354 4244 375 4280 9.
393 4242 469 4297 AEque
486 4237 616 4299 imperitus,
633 4239 649 4283 i.
666 4256 698 4294 c,
715 4249 784 4299 ireque
796 4237 819 4282 ei
829 4238 871 4299 qui

322 4306 377 4351 alim
398 4308 542 4352 intraverant
559 4307 660 4372 (Orelli).
678 4312 733 4355 Cela
752 4309 868 4354 revieuta

323 4379 375 4422 dire
395 4395 441 4438 que
461 4380 494 4423 les
515 4379 590 4423 eleves
610 4390 710 4425 sortants
723 4397 751 4425 ne
764 4389 815 4424 sont
827 4397 870 4440 pas

323 4452 375 4511 plus
389 4450 446 4494 forts
457 4466 503 4509 que
513 4451 547 4494 les
561 4451 683 4496 arrivants.

357 4529 393 4568 to.
414 4523 486 4567 Pueri
499 4520 559 4565 iuter
568 4538 680 4583 pueros...
694 4525 802 4568 Messalla
815 4539 870 4567 vou-

325 4594 387 4639 drait
404 4593 473 4654 qu'au
491 4593 565 4638 moins
581 4610 612 4638 ou
627 4609 655 4637 ue
670 4593 762 4653 separat
780 4610 821 4654 pas
837 4595 870 4639 les

323 4668 405 4728 jeunes
420 4681 517 4728 gereone
530 4666 571 4711 des
581 4666 664 4725 jeuncs
678 4682 748 4727 gens,
759 4666 775 4710 il
789 4676 869 4711 trouve

924 2953 981 3014 qu'il
992 2968 1007 3012 y
1018 2951 1094 2996 auruit
1103 2951 1174 3010 proiit
1185 2966 1246 3011 pour
1256 2952 1290 2997 les
1302 2949 1355 3010 plus
1366 2950 1473 3010 jeuncsls

923 3024 974 3068 voir
985 3024 1048 3069 leurs
1062 3022 1125 3068 aines
1138 3025 1150 3067 lt
1165 3023 1268 3067 l’oeuvre.

957 3102 993 3139 44.
1011 3093 1072 3141 Pari
1085 3094 1219 3138 securitate.
1236 3114 1247 3136 «
1263 3093 1351 3149 Securi,
1364 3110 1394 3139 ne
1409 3094 1474 3139 vitu-

924 3176 1038 3227 perentur
1052 3176 1076 3211 et
1094 3166 1215 3210 rideantur
1230 3181 1241 3209 a
1259 3165 1413 3221 doctioribus,
1427 3182 1474 3225 pa-

925 3249 984 3293 rata,
992 3237 1108 3298 quidquid
1116 3237 1252 3291 effuderint,
1259 3237 1336 3281 laude.
1347 3234 1473 3298 uschulz).

957 3316 994 3354 ta.
1013 3307 1147 3363 Contraria,
1159 3308 1216 3352 elles
1231 3318 1286 3352 vent
1300 3318 1382 3352 contre
1397 3309 1419 3352 lc
1431 3309 1475 3353 but

924 3381 996 3442 qu’on
1011 3396 1035 3424 se
1051 3395 1168 3439 propose;
1188 3378 1218 3424 el.
1238 3380 1274 3427 eli.
1291 3394 1380 3434 xxxta,
1394 3386 1431 3423 ta.
1443 3405 1475 3415 -

924 3456 1009 3514 Neurpe
1024 3450 1093 3506 euim,
1109 3467 1157 3506 car,
1171 3466 1201 3495 en
1213 3453 1279 3498 ellet.
1292 3450 1329 3495 Cl.
1344 3450 1425 3506 Quint.
1441 3453 1473 3506 ll,

927 3531 964 3580 ta,
976 3530 1003 3579 9;
1016 3525 1081 3576 vill,
1091 3522 1160 3583 pras.
1175 3529 1203 3577 8;
1219 3521 1279 3566 Plin.
1290 3521 1365 3584 Epist.
1376 3524 1420 3577 111,
1435 3529 1474 3574 46,

925 3604 952 3652 8;
975 3598 1066 3654 Paaeg.
1089 3600 1127 3649 62,
1148 3600 1170 3637 2.
1188 3618 1220 3628 -
1241 3596 1293 3638 Duo
1313 3609 1409 3652 genera.
1429 3595 1474 3638 Les

925 3664 1035 3712 suasoriae
1049 3674 1206 3724 appartcnant
1221 3681 1249 3708 nu
1265 3680 1336 3725 genre
1354 3663 1473 3709 delibera·

926 3738 962 3792 tif,
981 3746 1004 3781 et
1033 3737 1067 3780 les
1089 3735 1255 3788 controversia,
1273 3752 1302 3779 au
1321 3752 1392 3797 genre
1405 3736 1473 3795 judi-

926 3809 1006 3864 ciaire,
1030 3824 1060 3852 ou
1080 3807 1128 3852 voit
1148 3823 1194 3867 que
1218 3808 1252 3852 les
1272 3805 1378 3853 rheteurs
1397 3805 1473 3869 negli-

925 3880 1020 3941 geaieut
1039 3879 1225 3938 eoiirplletement
1244 3879 1266 3923 le
1282 3894 1353 3938 genre
1374 3878 1474 3923 demon-

925 3952 1011 3997 stratil'.
1033 3950 1069 3997 Cf.
1089 3950 1219 4008 Quintilien
1244 3951 1277 4005 ll,
1299 3957 1322 4005 4,
1343 3957 1356 3994 2
1375 3967 1381 3995 s
1402 3969 1412 3991 a
1432 3949 1472 3994 Illi

925 4021 1044 4086 (rhetores)
1062 4023 1193 4067 declamare
1215 4023 1285 4066 modo
1307 4031 1331 4066 et
1350 4021 1472 4065 scientiam

925 4095 1073 4141 declamandi
1093 4110 1119 4137 ae
1138 4091 1274 4137 facultatem
1291 4094 1385 4137 tradere
1402 4090 1474 4137 oflicii

924 4167 959 4212 sni
973 4168 1072 4221 ducunt,
1088 4165 1160 4225 idque
1175 4165 1235 4208 intra
1250 4162 1419 4210 deliberativas
1425 4161 1472 4224 ju-

925 4238 1072 4298 dicialesqne
1082 4237 1207 4282 materias:
1220 4252 1274 4280 nam
1289 4246 1368 4281 cetera
1381 4245 1407 4279 ut
1418 4250 1474 4295 pru·

924 4310 1024 4354 sessione
1044 4325 1084 4353 sua
1105 4308 1193 4351 minora
1212 4308 1351 4367 despiciunt.
1370 4327 1381 4346 a

957 4389 994 4427 47.
1012 4385 1059 4428 Per
1067 4380 1155 4442 fldem,
1169 4395 1260 4424 comme
1277 4395 1335 4424 nous
1352 4378 1431 4422 disens
1444 4393 1473 4423 en

925 4453 1023 4512 lranqais
1036 4469 1040 4495 :
1055 4468 1091 4496 ina
1104 4450 1200 4510 parole!
1216 4449 1253 4497 Cf.
1270 4453 1365 4496 Patron.
1379 4457 1431 4502 44444,
1445 4457 1473 4505 ῠ;

924 4527 994 4583 Apul.
1009 4527 1067 4569 Met.
1081 4525 1123 4573 vl,
1137 4528 1160 4566 lt.

958 4600 995 4637 ta.
1013 4593 1168 4638 Declamatio.
1181 4593 1303 4639 lintendea
1314 4594 1371 4638 dans
1384 4594 1405 4637 le
1421 4608 1474 4638 sens

926 4665 956 4708 de
969 4674 1036 4709 notre
1051 4674 1100 4710 mot
1114 4686 1125 4706 u
1139 4664 1297 4711 declamation
1308 4684 1330 4722 a,
1343 4660 1472 4725 styl'eluux.
