3196 5256
255 448 293 506 sa
635 445 842 501 conanau
873 445 1017 516 'meru

199 605 233 658 20
254 579 402 650 amarior
426 577 562 662 Caelius,
584 577 722 673 gravior
741 581 879 662 Brutus,
903 577 1141 647 vehementior
1158 594 1192 648 et
1213 577 1350 674 plenior
1367 595 1405 650 et

211 755 213 762 ,
254 697 422 768 valentior
451 695 575 764 Cicero
602 722 609 762 :
641 720 760 765 omues
793 710 907 764 tamen
937 695 1081 766 eandem
1102 696 1292 766 ‘sanitatem
1324 696 1403 766 elo-

255 812 403 910 quentia
427 811 567 898 ierunt,
597 826 634 880 ut
661 811 687 880 si
717 811 870 880 omnium
902 810 1031 906 pariter
1060 811 1165 881 libros
1194 812 1229 880 in
1260 837 1403 880 manum

255 928 451 1024 sumpseris,
467 927 564 1014 seiaS,
580 927 734 1022 ‹pramvis
751 927 785 996 in
803 927 945 997 diversis
958 927 1114 1024 ingeniis,
1137 954 1209 998 esse
1227 929 1402 1023 quandam

250 1045 372 1142 judieii
397 1072 436 1115 ac
465 1045 649 1114 voluntatis
675 1044 933 1114 similitudinem
967 1059 1000 1114 et
1029 1044 1281 1140 cognationem.
1311 1047 1402 1116 Nam

201 1184 235 1236 aa
255 1163 349 1260 quod
378 1161 526 1232 invicem
558 1187 592 1231 se
619 1163 901 1231 obtrectaverunt
931 1176 965 1231 et
995 1175 1075 1231 sunt
1102 1161 1215 1256 aliqua
1248 1160 1404 1256 epistulis

256 1306 376 1352 eorum
395 1279 533 1363 inserta,
558 1303 599 1347 ex
621 1277 746 1372 quibus
767 1292 885 1347 mutua
908 1278 1100 1373 malignitas
1124 1277 1309 1374 detegitur,
1330 1303 1404 1346 non

256 1412 307 1467 est
321 1410 498 1466 oratorum
516 1393 648 1478 vitium,
671 1393 730 1463 sed
747 1393 938 1463 hominum.
958 1397 1047 1466 Nam
1065 1409 1099 1465 et
1117 1397 1261 1464 Calvum
1279 1409 1313 1464 et
1329 1393 1402 1463 Asi·

255 1513 351 1582 nium
367 1526 402 1581 et
419 1510 530 1605 ipsum
548 1509 754 1579 Ciceronem
770 1511 875 1580 eredo
892 1512 1008 1581 solitos
1023 1527 1058 1582 et
1073 1511 1227 1582 invidere
1248 1526 1282 1582 et
1296 1511 1403 1580 livere

257 1643 292 1699 et
309 1625 432 1697 ceteris
450 1625 607 1694 humanae
631 1624 836 1695 infirmitatis
856 1626 946 1696 vitiis
969 1627 1059 1697 affici
1080 1655 1086 1695 :
1107 1629 1218 1697 solum
1235 1627 1325 1697 inter
1339 1627 1404 1696 hos

203 1763 237 1814 30
257 1743 406 1814 arbitror
424 1746 569 1812 Brutum
579 1767 651 1812 non
667 1742 876 1838 malignitate
892 1769 957 1812 nee
975 1742 1114 1831 invidia,
1128 1744 1187 1814 sed
1203 1742 1406 1838 simpliciter

258 1877 291 1932 et
309 1861 458 1956 ingenue
476 1860 647 1952 judicium
669 1860 772 1928 animi
798 1859 849 1928 sui
874 1859 1053 1930 detexisse.
1084 1865 1137 1930 An
1158 1861 1215 1930 ille
1242 1859 1405 1930 Ciceroni

260 1976 441 2062 invideret,
471 1975 529 2069 qui
558 1975 643 2043 milri
675 1976 877 2046 videturne
902 1977 1028 2046 Caesari
1053 1977 1194 2072 quidem
1219 1974 1406 2046 invidisse?

259 2092 362 2181 Quod
379 2090 421 2159 ad
439 2090 598 2161 Servium
615 2092 761 2160 Galbam
785 2109 818 2162 et
834 2096 875 2162 C.
896 2093 1041 2161 Laelium
1061 2094 1193 2180 attinet,
1216 2108 1250 2164 et
1274 2092 1300 2161 si
1318 2102 1406 2187 q'uos

260 2209 343 2278 alios
366 2207 587 2302 antiquorum
609 2208 738 2304 agitare
763 2234 833 2278 non
858 2209 998 2295 destitit,
1019 2236 1090 2279 non
1115 2209 1222 2306 exigit
1243 2208 1406 2279 defenso-

206 2345 239 2397 35
259 2351 345 2412 rem,
376 2351 455 2394 eum
478 2324 585 2394 fatear
608 2325 765 2419 ‹puaedam
795 2325 998 2421 eloquentia
1031 2350 1151 2396 eorum
1184 2341 1223 2395 ut
1252 2322 1404 2395 nascenti

261 2443 374 2512 adhue
389 2468 454 2513 nec
472 2442 551 2512 satis
567 2442 690 2512 adultae
707 2441 868 2513 defuisse.

291 2697 485 2743 4441033000.-
498 2702 537 2741 2⁴.
551 2695 676 2741 sanitatem
691 2694 816 2743 Rhenanus
828 2716 835 2741 :
850 2697 999 2741 sanctitatem
1011 2712 1065 2741 mss.
1086 2722 1117 2731 -
1136 2702 1174 2740 22.
1193 2696 1271 2741 lerunt
1282 2698 1316 2748 0,·
1327 2707 1408 2742 serunt

264 2771 348 2817 VLvF.
361 2794 393 2804 -
405 2774 443 2814 23.
457 2768 515 2813 scias
528 2771 562 2815 0.·
574 2768 645 2813 seiam
658 2770 683 2815 V
682 2770 737 2814 LvF
739 2803 744 2813 .
754 2772 831 2812 —24.
845 2769 1009 2829 cognationem
1024 2768 1151 2814 Beroaldus
1156 2768 1341 2830 ;eogitationem
1351 2784 1405 2814 mss.

260 2866 294 2881 -ι
304 2846 342 2886 344.
356 2845 454 2888 Brutum
466 2839 623 2892 Puteolanum·
636 2850 715 2885 utrum
730 2842 773 2888 VF
779 2857 787 2885 .·
797 2856 876 2885 verum
888 2843 917 2886 L.

262 3020 316 3083 26t)
330 3031 354 3065 et
364 3019 496 3075 Quintilien
505 3017 544 3082 (X,
558 3025 580 3074 t,
595 3018 648 3081 444)
664 3019 808 3064 s'aeeordeut

262 3108 316 3138 avee
338 3090 418 3135 Tacite
435 3105 496 3149 pour
519 3090 587 3134 louer
603 3090 624 3133 la
649 3090 721 3134 elarte
743 3100 767 3134 et
786 3091 808 3134 la

262 3161 345 3224 purete
360 3163 392 3207 du
406 3161 467 3221 style
482 3161 512 3206 de
528 3160 606 3206 Cisar.

294 3242 332 3280 20.
353 3232 474 3290 Anarior,
491 3235 543 3292 plus
558 3233 675 3277 merdant.
695 3259 726 3268 -
746 3238 809 3280 Gra-

263 3306 318 3362 aior,
330 3305 359 3350 ef.
372 3304 454 3362 Quint.
471 3306 524 3361 ΧΗ,
540 3311 577 3360 40,
593 3311 633 3349 tt:
649 3325 659 3346 ιι
675 3304 746 3349 Hie...
759 3322 810 3366 gra-

265 3398 276 3420 ιι
296 3378 393 3422 vitatem
406 3376 501 3421 Bruti...
516 3376 670 3436 reperiemus.
687 3396 697 3417 ιι

296 3456 334 3494 22.
344 3450 433 3493 Ferunt
447 3448 500 3493 aiei
511 3447 532 3492 la
546 3449 623 3493 meme
636 3449 714 3493 valeur
726 3449 809 3510 qu'au·

264 3522 341 3567 raient
360 3521 393 3565 les
408 3520 557 3581 expressions
576 3520 709 3565 ordinaires
722 3538 773 3582 prae
786 3538 811 3566 se

257 3595 347 3658 serrant
368 3610 398 3638 ou
413 3594 560 3656 praeferunt,·
582 3592 612 3637 ef.
633 3595 697 3639 Arm.
714 3595 747 3649 ΙΙ,
766 3599 809 3639 43:

267 3688 278 3709 ιι
295 3666 476 3714 Germanicus...
485 3666 813 3722 avumM-dntouiummvun-

267 3759 278 3781 ιι
297 3739 375 3783 culum
393 3741 523 3798 Augustum
538 3738 617 3784 serens
636 3755 662 3793 ιι;
683 3737 740 3783 ibid.
759 3740 811 3792 XV,

267 3817 295 3855 35
308 3828 313 3856 :
327 3830 338 3851 ιι
353 3810 473 3858 Silanus...
484 3810 562 3854 divum
575 3812 706 3870 Augustum
720 3820 812 3855 atavum

268 3901 279 3923 ιι
298 3880 397 3926 ferebat.
407 3900 418 3921 ιι
427 3880 556 3940 Ontitdtja
565 3882 727 3931 danslloraee.
736 3881 811 3943 Epist.

268 3954 288 4008 l,
308 3968 372 4008 xvu,
390 3959 435 3999 22:
456 3972 467 3994 ιι
489 3954 524 3997 Tu
545 3953 621 4012 poscis
646 3951 699 3997 vilia
727 3969 812 4009 rerum,

267 4026 344 4069 Dante
368 4023 453 4080 minor,
479 4024 584 4084 quamvis
598 4023 656 4085 fers
675 4033 698 4068 te
729 4024 814 4070 nullius

269 4105 386 4153 egentem.
405 4114 415 4136 ιι

299 4171 337 4209 23.
351 4164 452 4210 Invicem
461 4182 493 4210 se.
511 4167 547 4212 Cl.
564 4168 624 4226 Agr.
640 4175 665 4211 a:
684 4186 694 4207 ιι
714 4168 814 4213 Invicem

270 4256 281 4278 ιι
300 4252 324 4280 se
340 4237 513 4295 anteponendo.
532 4257 542 4277 ιι
558 4241 589 4282 La
606 4248 717 4283 tous-nure
732 4240 811 4284 elassi-

270 4323 316 4369 que
329 4317 353 4352 et
367 4317 473 4352 correcte
487 4308 558 4352 serait
573 4308 634 4352 iuter
645 4325 677 4354 se.

301 4386 339 4425 28.
354 4381 384 4424 Et
399 4376 500 4422 invidere
512 4389 533 4422 et
546 4377 625 4423 livere.
642 4381 686 4425 Ces
699 4381 760 4425 deux
775 4398 813 4425 ex-

270 4451 387 4513 pressions
401 4459 453 4494 sont
464 4449 524 4494 aussi
534 4466 580 4510 peu
593 4465 733 4512 synonymes
745 4453 815 4510 qu'en

270 4523 369 4584 lianeais
384 4523 418 4567 les
429 4532 491 4567 mots
500 4521 588 4584 apeuvie
602 4541 612 4562 ιι
625 4532 648 4566 et
660 4541 670 4562 ιι
680 4522 788 4580 jalousie.
803 4543 813 4564 ιι

303 4602 341 4641 30.
363 4598 413 4643 Non
430 4593 580 4655 analignitute
596 4610 637 4638 nee
652 4592 749 4637 invidia.
771 4596 815 4638 Ces

272 4666 333 4713 deux
346 4666 440 4714 ablatit's
450 4667 478 4712 de
489 4681 557 4712 eause
567 4682 592 4712 se
605 4665 737 4712 rattaehent
751 4665 763 4710 la
778 4666 816 4710 de-

864 3019 948 3065 texisse
956 3035 1000 3079 par
1012 3018 1116 3080 unleger
1129 3035 1234 3080 zeugma3
1243 3036 1273 3065 en
1285 3018 1369 3066 realiti'a
1381 3022 1410 3066 ils

864 3091 1000 3151 dependent
1010 3092 1065 3135 d'un
1072 3093 1152 3147 verbe,
1164 3108 1254 3136 comme
1257 3090 1410 3154 judicavisse,

864 3165 922 3208 dont
940 3162 1010 3208 l'idee
1029 3173 1064 3207 est
1087 3163 1269 3223 implicitement
1295 3174 1410 3210 eontenue

865 3235 920 3279 dans
933 3235 1055 3279 detcaetsse.

897 3312 935 3350 at.
950 3306 1068 3352 Iudicium
1078 3304 1153 3351 animi
1162 3306 1207 3353 sui.
1223 3306 1259 3353 Cf.
1276 3307 1312 3352 eh.
1328 3323 1409 3364 xxvii,

866 3386 904 3435 40,
915 3388 939 3423 et
950 3377 1011 3436 Cia,
1023 3379 1051 3424 de
1063 3378 1129 3425 Oiut.
1140 3380 1173 3436 ll,
1181 3386 1219 3436 39,
1227 3385 1270 3424 363
1279 3397 1284 3424 :
1293 3399 1304 3420 ιι
1313 3381 1411 3426 Gaudeo

866 3471 877 3493 ιι
887 3450 1001 3512 judicium
1015 3450 1085 3496 animi
1095 3451 1141 3496 mei
1151 3451 1308 3511 comprobari.
1324 3472 1335 3494 ιι
1348 3454 1411 3497 Dans

866 3532 918 3568 tout
939 3540 964 3568 ee
983 3539 1090 3583 passage,
1110 3524 1219 3568 Messalla
1242 3522 1332 3582 repond
1353 3525 1366 3567 a
1385 3539 1411 3568 ee

866 3596 919 3655 qu'a
932 3595 967 3639 dit
980 3597 1043 3654 Aper
1058 3611 1086 3639 au
1099 3594 1136 3638 eh.
1150 3609 1224 3649 xvur,
1241 3594 1257 3639 l.
1276 3601 1303 3638 43
1317 3605 1340 3639 04
1353 3594 1410 3640 suiv.

898 3673 935 3712 3¹2.
953 3668 1020 3711 Aa...
1035 3665 1189 3710 invideret...1²
1202 3685 1212 3707 ιι
1227 3656 1351 3711 Pouvait·il
1362 3666 1412 3711 etre

865 3737 994 3799 jaloux...?
1010 3755 1021 3776 ιι
1039 3753 1068 3781 ou
1084 3737 1139 3781 bien
1160 3757 1171 3778 ιι
1187 3737 1300 3783 Aurata-it
1316 3736 1354 3782 tat
1375 3738 1411 3796 Ja-

867 3809 964 3855 loux...?
984 3828 994 3850 ιι
1014 3806 1050 3853 Cf.
1066 3808 1190 3862 Riemann,
1206 3826 1256 3854 ouo.
1275 3807 1316 3854 cit.
1331 3809 1344 3870 g
1358 3815 1412 3864 463,

867 3885 934 3927 Rem.
949 3881 982 3935 11,
997 3895 1021 3938 p.
1038 3887 1093 3925 att.

900 3958 937 3997 33.
948 3952 1054 3997 Servium
1067 3952 1166 3997 Galbam
1179 3963 1200 3996 et
1215 3955 1241 4000 C.
1256 3953 1362 3998 Laelium.
1375 3952 1411 3998 Cf.

867 4025 904 4070 eli.
923 4038 996 4080 xvm,
1020 4030 1041 4069 3.
1058 4025 1164 4081 Quantis
1188 4026 1209 4068 si
1226 4041 1281 4087 quos
1300 4023 1369 4081 alios,
1387 4040 1414 4068 ee

868 4094 953 4156 pluriel
966 4112 995 4140 ne
1010 4095 1106 4156 designe
1119 4112 1148 4141 en
1158 4112 1246 4142 somme
1263 4112 1309 4157 que
1328 4097 1350 4142 le
1364 4096 1413 4141 seul

869 4169 895 4212 C.
913 4167 1015 4212 Carbon.

901 4243 939 4282 34.
954 4239 1003 4284 Nou
1018 4237 1113 4283 destitit.
1127 4242 1159 4284 Le
1170 4240 1240 4284 verbe
1253 4255 1265 4284 a
1279 4256 1339 4300 pour
1353 4240 1414 4300 sajet

871 4313 943 4369 Aper,
955 4326 1001 4370 que
1010 4311 1119 4355 Messalla
1132 4313 1208 4370 prend
1220 4313 1232 4354 a
1245 4312 1322 4371 partie
1332 4311 1415 4371 depuis

871 4383 893 4426 le
906 4391 1105 4427 eommeueement
1114 4383 1144 4426 de
1154 4397 1196 4426 son
1206 4382 1309 4427 discours
1321 4393 1345 4427 et
1357 4383 1414 4428 dont

871 4453 888 4497 il
903 4453 938 4496 n'a
947 4469 989 4513 pas
999 4453 1088 4504 besoin,
1100 4467 1143 4511 par
1153 4451 1305 4512 consequent,
1319 4455 1348 4498 de
1364 4470 1416 4514 rap·

870 4525 939 4583 pelet·
952 4525 974 4569 le
986 4540 1051 4575 nom.
1064 4548 1096 4558 —
1105 4525 1155 4568 Nou
1165 4525 1250 4584 exigit.
1264 4528 1295 4569 Le
1310 4526 1370 4584 sajet
1380 4536 1415 4570 est

871 4594 904 4649 id,
917 4611 964 4655 que
979 4596 1027 4641 l'on
1041 4595 1086 4640 tire
1102 4591 1215 4640 aisiment
1232 4597 1262 4641 de
1278 4597 1366 4657 qaod...
1381 4607 1417 4640 ut·

872 4675 937 4709 tutet.
