3196 5256
353 466 580 523 nmaouus
607 466 661 521 ns
688 464 986 533 onaroarsus
1014 460 1049 542 pp
1075 466 1188 524 co-ar.
1306 472 1344 527 as

199 602 440 694 obtemperans
450 613 648 667 nostrorum
662 612 840 666 oratorum
855 610 934 664 artas
949 597 1128 690 pulchrior
1143 619 1178 672 et
1191 598 1346 671 ornatior

200 715 337 787 exstitit.
366 717 489 809 Neque
515 713 593 783 ideo
612 714 724 782 minus
742 712 901 782 efficaces
918 727 997 782 sunt
1016 717 1189 788 orationes
1204 732 1341 802 nostrae,

199 833 279 929 quia
294 832 336 901 ad
352 856 451 901 aures
470 830 699 923 judicantium
719 855 798 898 cum
817 830 993 923 voluptate
1010 833 1229 924 perveniunt.
1251 833 1345 922 Quid

200 948 303 1033 enim,
324 947 351 1016 si
373 944 562 1014 infirmiora
587 944 711 1012 horum
735 959 930 1039 temporum
955 947 1083 1039 templa
1110 948 1242 1033 credas,
1264 946 1345 1042 quia
1364 967 1398 1019 25

199 1090 269 1133 non
290 1062 369 1131 rudi
394 1076 560 1131 caemento
581 1075 615 1130 et
641 1059 845 1130 informibus
871 1061 995 1156 tegulis
1020 1077 1255 1148 exstruuntur,
1285 1063 1344 1133 scd
1423 1142 1425 1146 ¹

200 1203 371 1249 marmore
386 1176 498 1246 nitent
515 1191 550 1247 et
565 1201 650 1244 auro
666 1175 867 1244 radiantur?

249 1297 346 1362 XXI.
373 1292 542 1388 Equidem
567 1291 702 1362 fatebor
726 1291 823 1361 vobis
847 1291 1050 1387 simpliciter
1073 1320 1128 1365 me
1150 1294 1185 1363 in
1207 1296 1344 1391 quibus-

201 1412 279 1480 dam
303 1409 524 1503 antiquorum
540 1408 596 1477 vix
620 1408 738 1494 risum,
760 1408 796 1477 in
815 1407 1020 1502 quibusdam
1042 1425 1157 1480 autem
1178 1411 1236 1479 vix
1258 1438 1343 1481 som·

200 1553 283 1596 num
307 1541 438 1596 tenere.
466 1527 541 1596 Nec
563 1551 670 1593 unum
697 1524 740 1594 de
766 1525 895 1619 populo
917 1525 1134 1612 nominubO,
1161 1526 1347 1597 Canutium

200 1658 258 1712 aut
274 1641 413 1711 Arrium
431 1642 485 1711 vel
508 1641 655 1710 Furnius
679 1655 713 1710 et
735 1640 903 1710 Toranius
928 1641 1058 1736 quique
1083 1643 1139 1712 alii
1164 1643 1200 1712 in
1224 1644 1346 1714 eodem

231 1869 382 1912 Vanrsurss.
397 1889 428 1899 ·-
439 1865 502 1910 XXI.
513 1868 561 1909 3-4.
571 1865 620 1908 Nec
632 1877 703 1908 unum
717 1863 747 1909 de
761 1864 852 1924 populo
862 1863 999 1924 nominabo,
1013 1865 1140 1910 Canutinm
1152 1876 1192 1911 ant
1205 1866 1299 1912 Arrium
1309 1868 1346 1914 vel

201 1937 297 1983 Furnios
312 1945 336 1982 et
348 1935 462 1980 Toranius
475 1938 499 1982 J.
521 1936 550 1980 F.
570 1937 670 1980 Grououe
683 1954 691 1980 ι
705 1949 748 1980 nec
768 1951 839 1979 unum
863 1935 893 1981 de
908 1937 997 1996 poprdo
1017 1937 1105 1982 Canuti
1124 1934 1222 1997 (Ganuti
1239 1941 1299 1993 VF,·
1311 1955 1348 1984 ea·

200 2008 250 2054 nuti
264 2007 293 2070 L)
306 2017 346 2053 aut
357 2007 408 2053 aui
422 2008 452 2052 de
466 2006 551 2050 Furnio
571 2014 594 2050 et
608 2005 711 2051 Uoconio
732 2003 841 2069 (Coranio
855 2009 881 2055 V
882 2004 924 2070 uF)
938 2023 993 2054 mss.
1009 2032 1041 2042 —
1055 2012 1078 2054 4.
1101 2009 1191 2070 quique
1206 2009 1246 2055 alii
1260 2009 1348 2056 Acida-

201 2079 368 2140 liussquique
390 2075 455 2141 (mss,
480 2076 533 2137 saul
550 2075 580 2139 F)
604 2077 663 2122 alios
683 2093 738 2123 mss.

230 2151 280 2196 NG.
299 2156 346 2196 3-4.
364 2151 396 2195 Ce
411 2164 509 2210 passage
531 2158 567 2193 est
589 2149 713 2194 tellement
739 2165 866 2211 corrompu
888 2149 960 2211 qu’on
976 2165 1005 2196 ne
1020 2150 1066 2196 sait
1082 2151 1199 2198 miment
1216 2168 1258 2213 pas
1281 2169 1347 2199 com·

200 2231 264 2267 ment
278 2222 300 2266 le
315 2219 426 2282 corriget.
442 2222 505 2265 Pom·
519 2219 589 2265 sortir
601 2220 754 2278 d'embarras,
769 2236 827 2267 nous
840 2222 955 2282 adoptons
975 2237 1030 2268 avec
1046 2222 1186 2284 Nipperdey
1203 2233 1227 2270 et
1243 2227 1314 2271 Peter
1325 2226 1347 2270 la

199 2295 333 2354 conjecture
345 2294 375 2337 de
388 2295 417 2339 G.
433 2294 458 2337 F.
475 2294 593 2349 Gronove,
606 2291 664 2337 mais
683 2308 735 2338 sans
754 2309 811 2338 nous
828 2293 962 2340 dissimuler
974 2310 1021 2355 que
1033 2310 1092 2340 nous
1107 2310 1209 2341 summes
1220 2297 1347 2358 probahlc·

200 2375 264 2410 ment
276 2379 361 2410 encore
375 2379 439 2410 assez
451 2363 502 2409 loin
516 2363 547 2408 du
564 2373 629 2410 texte
647 2364 677 2409 de
696 2363 787 2411 Tacite.

200 2518 229 2563 de
244 2532 282 2562 ces
302 2516 408 2562 modiales
423 2516 558 2577 accomplis.
573 2518 652 2574 Quant
670 2517 682 2561 ia
698 2519 746 2562 Ln—
801 2517 909 2562 blement
923 2516 940 2562 il
954 2514 1023 2578 s'agit
1036 2515 1067 2562 ici
1082 2517 1111 2562 de
1128 2521 1155 2562 Ρ.
1172 2518 1292 2575 Canutius,
1308 2517 1349 2580 qui

200 2590 260 2645 cain,
275 2589 298 2633 le
317 2586 436 2633 caractbre
451 2588 480 2632 de
498 2603 541 2632 son
556 2587 631 2632 talent
644 2587 667 2632 le
681 2585 747 2632 utsi-

803 2586 839 2633 fut
852 2587 912 2633 meli
925 2604 955 2633 au
964 2586 1048 2648 proces
1062 2588 1092 2633 de
1105 2587 1226 2635 Cluentius
1236 2587 1275 2653 (ci.
1288 2589 1348 2646 cte,

200 2660 265 2722 gnait
286 2658 529 2705 tontnaturellement
553 2673 599 2703 anx
620 2658 747 2704 attentione
797 2676 836 2721 pr.
850 2659 943 2706 Cluent.
961 2666 1000 2716 ⁴0,
1015 2665 1058 2716 ²93
1082 2666 1120 2717 ta,
1140 2667 1183 2717 5⁰3
1198 2667 1237 2718 2⁴,
1253 2667 1348 2718 58327,

200 2731 242 2778 des
261 2740 376 2783 orateurs,
391 2746 481 2775 comme
501 2730 531 2774 l'a
549 2729 605 2774 bien
622 2745 651 2774 ru
669 2729 746 2786 Quin-

200 2799 276 2860 tilien‚
286 2804 317 2855 Χ,
325 2809 347 2858 t,
358 2807 388 2846 90
401 2819 406 2846 :
420 2820 431 2844 ιι
442 2805 547 2848 Lucanus
558 2802 642 2847 ardens
652 2810 677 2846 ct
688 2816 745 2846 con-

202 2892 213 2915 ιι
231 2874 317 2919 citatus
338 2883 363 2918 et
377 2873 501 2919 sententiis
515 2872 665 2929 clarissimus,
678 2881 712 2928 et,
723 2880 748 2917 ut

202 2963 212 2987 ιι
231 2943 309 2990 dicam
330 2945 394 3006 quod
417 2943 503 3000 sentio,
520 2945 594 3006 magis
613 2943 747 2989 oratoribus

202 3033 213 3059 ιι
231 3028 302 3078 quam
311 3014 389 3078 poetis
398 3016 534 3062 imitandus.
547 3035 559 3057 ιι

231 3095 311 3134 24-25.
330 3087 394 3149 Quid
399 3093 470 3145 euim,
480 3087 529 3133 si...
545 3088 670 3132 credas..r’
682 3087 747 3132 L‘el·

200 3159 259 3220 lipse
272 3171 308 3206 est
322 3158 390 3206 facile
403 3162 415 3205 b
431 3159 563 3220 complbter
573 3177 579 3205 ι
589 3159 647 3205 c’est
655 3174 747 3205 comme

201 3229 331 3292 s'ilyavait
346 3249 352 3278 ε
370 3233 423 3288 Qne
443 3228 574 3294 (diruit-on)
592 3247 621 3276 en
642 3235 709 3287 edet,
729 3231 748 3276 si

201 3315 257 3348 vous
270 3315 353 3363 croyez
367 3303 459 3363 que...l

232 3380 271 3420 27.
289 3375 409 3419 Marmore
421 3373 594 3435 uitem,depuis
604 3376 748 3437 Arrguste‚et

201 3456 294 3491 surtont
304 3445 388 3506 depuis
396 3447 417 3491 la
431 3446 622 3491 reconstrnction
631 3447 661 3490 de
671 3449 747 3493 Rome

201 3532 245 3578 par
258 3517 348 3570 Neron,
363 3516 432 3579 apres
447 3512 470 3562 le
485 3514 579 3562 famenx
592 3517 749 3564 incendie.-

202 3588 342 3636 fludiaruur.
354 3588 390 3635 Cf.
401 3591 455 3652 Om,
464 3605 495 3634 ex
506 3591 589 3646 Ponto,
600 3591 645 3646 111,
656 3596 681 3646 4,
693 3595 745 3635 103.

232 3661 293 3706 XXI.
302 3663 387 3706 t-Mu
395 3661 534 3724 quibusdum
547 3659 706 3723 antiquorum,
719 3678 749 3707 en

201 3747 227 3776 ce
240 3732 280 3794 qui
291 3748 404 3778 concerne
417 3749 448 3777 nn
462 3732 552 3778 certain
566 3733 665 3779 nombre
680 3734 747 3778 d'an-

202 3803 272 3848 ciens.
289 3804 433 3864 Quibusdam
448 3814 484 3850 est
498 3805 560 3849 donc
576 3805 608 3850 dn
624 3804 747 3863 masculin,

202 3890 293 3919 comme
319 3876 372 3935 plns
392 3876 434 3920 has
463 3892 541 3921 unum.
567 3875 604 3922 Cf.
624 3892 671 3935 111,
694 3884 745 3922 {81

204 3964 215 3987 ιι
231 3946 357 3991 Neminem
371 3946 570 3992 causidicorum...
586 3966 597 3988 n

233 4023 282 4062 2-3.
291 4016 341 4065 Vix
348 4016 448 4063 risum...
456 4017 496 4062 vix
505 4034 608 4063 somnum
616 4028 701 4063 tenere.
708 4016 744 4066 Cf.

202 4089 252 4135 Cic.
270 4092 338 4134 Brut.
358 4096 396 4143 st,
413 4095 457 4135 293
474 4105 480 4132 ι
498 4109 509 4131 ιι
522 4090 640 4151 Equidem
656 4090 681 4135 in
692 4090 746 4151 qui·

202 4160 299 4206 busdam
316 4159 367 4224 (qui
380 4170 417 4206 ese
431 4159 464 4206 ici
477 4161 509 4205 du
524 4159 613 4224 uentre)
625 4161 697 4206 risum
708 4161 747 4207 vir

202 4233 340 4289 tenebam„
357 4243 382 4278 et
396 4231 454 4278 ibid.
468 4240 508 4290 80,
523 4239 568 4279 278
584 4250 590 4279 ε
610 4252 621 4274 ιι
637 4235 746 4278 Somnum

202 4305 247 4349 isto
259 4305 311 4350 loco
325 4305 364 4350 vix
378 4305 548 4350 tenebamus.»

234 4382 256 4422 3.
276 4379 351 4423 Unum
370 4377 399 4421 de
416 4377 512 4439 populo,
532 4376 668 4439 expression
689 4392 746 4422 ana*

202 4448 271 4509 logue
285 4450 297 4493 b
311 4449 370 4494 celle
387 4465 434 4510 que
448 4464 506 4494 nous
520 4448 591 4494 lisons
605 4450 663 4494 dans
679 4447 746 4496 Cici-

203 4534 254 4575 ron,
265 4519 294 4563 de
305 4520 360 4565 Fir.
373 4522 406 4577 11,
417 4527 457 4578 20,
473 4529 501 4567 66
513 4535 519 4566 ε
533 4541 543 4563 ι
554 4523 633 4567 Unum
643 4521 672 4566 de
683 4521 746 4565 mul·

203 4589 242 4646 tis,
263 4607 275 4630 n
294 4607 324 4635 ou
345 4601 408 4638 cette
427 4602 503 4651 autre,
523 4596 591 4640 brut.
618 4600 657 4650 79,
677 4597 745 4639 274:

205 4679 216 4704 ι
234 4662 296 4707 Unus
308 4677 321 4707 e
333 4663 421 4709 multis.
435 4683 446 4706 n
461 4687 493 4701 -—
505 4665 639 4713 Curulium.
653 4665 745 4711 Proba·

801 2737 839 2787 73,
860 2730 909 2795 74),
924 2741 949 2776 et
967 2731 1026 2777 dont
1046 2730 1147 2777 (licit-on
1164 2749 1176 2777 a
1194 2731 1238 2788 dit,
1251 2734 1349 2786 brutus,

801 2809 839 2860 56,
855 2809 899 2850 205
919 2819 925 2848 t
947 2823 958 2846 ιι
976 2802 1083 2864 AEqualis
1100 2818 1176 2859 meus,
1191 2804 1263 2848 homo
1283 2814 1349 2849 extra

800 2874 908 2921 ordinem
922 2884 1029 2920 nostrum
1043 2889 1097 2919 meo
1114 2874 1204 2934 jndicio
1219 2874 1348 2921 disertissi-

800 2961 859 2992 mus.
874 2963 886 2988 ι)
900 2948 920 2993 ΙΙ
930 2963 946 3007 y
958 2962 970 2990 a
983 2945 1038 2992 bien
1050 2960 1080 2990 un
1095 2955 1161 2992 autre
1177 2946 1299 3004 Canutius,
1310 2946 1346 2992 Ti.

801 3019 922 3076 Canutius,
943 3018 1025 3063 tribun
1048 3018 1079 3062 du
1100 3019 1198 3078 peuple,
1216 3018 1349 3064 adversairc

801 3089 901 3134 acharmi
915 3089 1043 3136 d'Antoine
1064 3086 1104 3152 (ci.
1123 3089 1174 3136 Cic.
1195 3088 1285 3151 Philip.
1303 3092 1347 3156 111,

801 3167 860 3217 9,23
869 3178 875 3218 ;
885 3161 985 3223 adsum.
997 3161 1116 3217 Xll,3,et
1125 3161 1210 3221 Vellej.
1221 3163 1254 3218 ll,
1264 3170 1284 3220 6,
1293 3161 1347 3223 42),

800 3232 859 3278 mais
872 3232 922 3278 rien
933 3234 990 3278 dans
1005 3231 1074 3278 sarie
1086 3248 1116 3278 ne
1128 3243 1222 3294 permet
1233 3234 1262 3277 de
1273 3232 1348 3278 croire

802 3303 858 3365 qu’il
871 3304 938 3365 s'agit
948 3304 978 3350 de
992 3302 1027 3350 lui
1042 3303 1081 3349 ici.

832 3380 855 3419 4.
877 3375 985 3421 Arrium.
1007 3375 1031 3423 si
1056 3376 1113 3421 c'est
1137 3375 1192 3421 bien
1213 3390 1240 3421 ce
1260 3376 1348 3422 nom-lit

801 3445 859 3507 qn'il
871 3445 922 3493 lant
936 3447 980 3493 lire
994 3447 1033 3504 ici,
1051 3447 1068 3492 il
1080 3447 1150 3509 s’agit
1164 3447 1193 3492 de
1213 3450 1243 3506 Q.
1257 3448 1347 3506 Arrius,

802 3517 843 3578 qui
866 3517 902 3578 fut
920 3517 1017 3578 priteur
1042 3533 1072 3563 en
1095 3525 1123 3565 72
1146 3535 1182 3562 av.
1209 3520 1295 3576 J.-C.,
1325 3530 1349 3565 et

801 3589 931 3635 conclamati
952 3606 982 3636 en
1003 3596 1031 3635 52
1049 3606 1108 3651 pour
1121 3589 1195 3634 crime
1210 3590 1240 3634 de
1255 3590 1347 3651 briguc.

802 3659 903 3707 ciceron
921 3677 933 3705 a
955 3659 1025 3722 portb
1047 3676 1086 3705 sur
1109 3660 1142 3704 lni
1165 3675 1192 3705 ce
1215 3661 1347 3721 jugement,

801 3735 869 3777 Brut.
891 3736 1016 3788 omitt
1038 3751 1049 3774 ιι
1067 3732 1094 3775 In
1118 3740 1274 3791 patronorum
1298 3732 1348 3778 sinc

801 3802 918 3859 doctrina,
929 3802 978 3848 sine
992 3802 1087 3862 ingenio
1107 3801 1210 3863 aliquem
1224 3817 1347 3848 numerum

799 3885 949 3936 pervenerat.
972 3893 983 3916 u
1005 3897 1037 3909 -
1055 3872 1157 3920 Furnius
1178 3882 1202 3918 et
1228 3873 1346 3920 Toranius.

800 3949 837 3993 On
858 3956 917 4007 peut
938 3963 963 3992 se
986 3945 1116 3992 demander
1129 3945 1149 3990 si
1162 3946 1185 3990 le
1200 3945 1287 4006 pluriel
1302 3945 1347 3992 dt-

800 4017 865 4079 signe
880 4018 910 4063 ici
926 4018 960 4064 les
972 4016 1090 4063 individns
1103 4015 1243 4062 semblables
1259 4019 1271 4062 ir
1289 4033 1347 4065 ceux

800 4088 842 4150 qui
856 4100 909 4135 sont
921 4089 1037 4146 nommds,
1055 4105 1086 4135 uu
1100 4089 1135 4133 s'il
1155 4088 1288 4151 s’applique
1303 4106 1348 4136 anx

801 4161 917 4207 individua
944 4161 1046 4218 mdmes3
1070 4177 1110 4206 cnr
1130 4161 1147 4206 il
1167 4176 1183 4221 y
1204 4176 1217 4205 a
1240 4177 1269 4206 eu
1286 4163 1348 4208 deux

800 4232 913 4292 Furnius,
925 4243 1023 4294 portant
1036 4243 1089 4279 tons
1100 4234 1162 4278 deux
1171 4233 1194 4278 le
1204 4231 1282 4279 mbme
1294 4233 1348 4294 prb·

799 4318 865 4362 nom,
878 4304 959 4359 Gaius,
970 4315 994 4351 et
1009 4321 1048 4350 sur
1061 4304 1164 4366 lesquels
1178 4304 1239 4350 saint
1252 4304 1347 4352 terame

800 4374 892 4440 (ebron.
911 4393 949 4423 an.
966 4384 994 4423 3⁰
1012 4392 1048 4422 ar.
1071 4374 1217 4441 t.-c.)n0us
1231 4378 1308 4422 donne
1320 4393 1347 4423 ce

801 4449 1008 4512 renseignement:
1031 4469 1043 4492 ιι
1060 4447 1139 4495 Furnii
1154 4459 1224 4509 pater
1243 4457 1268 4494 et
1286 4448 1347 4493 lilius

800 4521 858 4568 clari
880 4532 987 4568 oratores
1009 4521 1132 4579 habentur,
1158 4533 1258 4581 qnorum
1286 4518 1346 4564 filius

800 4593 928 4639 consularis
949 4599 1004 4639 ante
1024 4601 1117 4654 patrem
1140 4591 1246 4636 moritur.
1260 4591 1345 4635 »Nous

800 4681 882 4712 savona
896 4682 926 4712 en
937 4674 1005 4711 outre
1015 4681 1062 4726 que
1071 4665 1094 4709 le
1104 4662 1163 4724 pirre
1177 4659 1212 4706 sut
1224 4659 1303 4706 tribnn
1314 4662 1346 4709 du
