3196 5256
256 455 294 512 lt
636 449 843 506 CORNELII
872 448 1018 503 TAClTl

256 601 315 656 aut
344 581 530 678 Turpionis
553 581 703 651 Ambivii
730 579 922 675 exprimere
947 594 1062 675 gestus
1095 579 1188 650 velit.
1218 582 1293 648 Jam
1316 606 1403 650 vero

253 703 398 795 juvenes
424 697 518 767 etin
544 696 617 792 ipsa
634 696 826 767 studiorum
849 695 974 766 incude
1000 695 1114 790 positi,
1142 695 1202 791 qui
1226 696 1404 790 profectus

259 817 310 887 sui
331 840 431 885 causa
450 829 604 884 oratores
627 828 812 898 sectantur,
834 838 905 882 non
928 813 1038 881 solum
1063 812 1194 898 audire,
1216 812 1276 883 sed
1300 812 1404 883 etiam

209 945 240 996 15
260 931 391 1003 referre
407 931 547 1000 domum
565 929 694 1024 aliquid
717 929 848 998 illustre
868 945 903 999 et
919 928 1062 1024 dignum
1079 928 1245 998 memoria
1262 930 1400 1015 volunt3

261 1049 471 1143 traduntque
489 1047 524 1116 in
541 1046 651 1117 vicem
667 1073 706 1116 ac
724 1072 813 1142 saepe
831 1045 866 1114 in
881 1046 1032 1115 colonias
1051 1072 1091 1115 ac
1110 1045 1305 1142 provincias
1327 1071 1405 1115 suas

262 1166 427 1251 scribunt,
447 1164 517 1233 sive
536 1188 654 1233 sensus
671 1163 793 1260 aliquis
814 1178 934 1259 arguta
954 1177 988 1232 et
1006 1163 1102 1233 brevi
1120 1163 1287 1233 sententia
1308 1163 1404 1232 efful-

262 1281 316 1367 sit,
347 1281 417 1350 sive
442 1281 537 1348 locus
557 1279 725 1373 exquisito
748 1294 782 1348 et
805 1278 942 1374 poetico
967 1278 1061 1348 cultu
1086 1276 1219 1348 enituit.
1247 1277 1406 1375 Erigitur

263 1397 355 1468 enim
374 1398 445 1490 jam
465 1395 508 1464 ab
530 1409 667 1464 oratore
693 1394 795 1465 etiam
819 1395 976 1491 poeticus
998 1394 1116 1481 decor,
1137 1420 1208 1463 non
1229 1393 1325 1464 A'ccii
1346 1409 1407 1464 aut

209 1530 243 1583 20
263 1512 403 1584 Pacuvii
430 1525 573 1581 veterno
598 1509 807 1606 inquinatus,
837 1511 897 1581 sed
924 1537 965 1581 ex
989 1511 1123 1580 Horatii
1148 1526 1182 1580 et
1207 1510 1344 1608 Virgilii
1371 1525 1408 1581 et

261 1626 394 1702 Lucani
411 1624 559 1696 sacrario
577 1626 742 1723 prolatus.
761 1628 895 1695 Horum
920 1624 1025 1722 igitur
1048 1626 1187 1696 auribus
1214 1641 1248 1696 et
1267 1623 1407 1719 judiciis

293 1899 485 1944 vastarariis-
496 1899 533 1938 42.
548 1893 651 1939 Ambivii
659 1892 812 1957 Iuste-hipra
828 1913 836 1940 :
848 1902 889 1939 aut
900 1892 1001 1940 Ambivii
1014 1908 1069 1938 nsss.
1083 1919 1116 1930 -
1126 1897 1163 1937 44.
1175 1907 1223 1937 non
1233 1894 1267 1937 vF
1278 1908 1287 1936 .·
1301 1905 1344 1936 nac
1351 1893 1377 1938 V
1375 1893 1405 1936 L.

261 1993 293 2003 -
308 1975 345 2012 40.
359 1983 387 2012 ac
394 1964 526 2026 provincias
536 1966 562 2011 V
561 1967 596 2010 vr
607 1984 615 2010 .-
626 1974 650 2011 et
660 1981 727 2026 prov.
743 1968 771 2011 J..
788 1991 821 2002 —
836 1970 873 2011 47.
889 1981 968 2010 sensus
980 1968 1060 2011 Mures
1071 1983 1077 2011 4
1089 1965 1113 2010 in
1127 1964 1174 2009 auia
1183 1978 1238 2008 mss.
1252 1987 1282 1998 —
1298 1969 1335 2008 48.
1349 1961 1407 2008 Exi-

263 2039 327 2102 gitur
334 2035 486 2097 Iuste-Lipse
501 2053 509 2079 .-
525 2036 632 2098 exigetur
646 2039 676 2093 F,
692 2036 810 2082 exercitur
826 2038 856 2094 V,
868 2047 992 2083 exercetur
1007 2034 1085 2083 V¹Lv.

294 2110 342 2156 NG.
360 2114 397 2153 42.
411 2109 504 2153 Desunt
516 2105 628 2164 Ambivii,
642 2116 684 2152 aut
695 2109 733 2152 n'a
746 2107 917 2154 certaincment
930 2108 1006 2154 rienia
1021 2107 1089 2165 laire,
1100 2107 1118 2153 il
1130 2106 1239 2168 prurient
1248 2105 1317 2151 d'une
1331 2103 1407 2150 lauare

263 2180 353 2226 lecture
367 2189 392 2225 et
405 2179 436 2224 de
452 2179 474 2224 la
487 2176 617 2238 ripitition
628 2179 670 2225 des
679 2178 801 2241 jambages
813 2180 883 2225 Amb.
896 2205 928 2217 ·-
943 2186 979 2225 47.
991 2182 1078 2226 Sensus
1093 2180 1152 2227 reud
1163 2187 1258 2239 compte
1270 2178 1300 2225 dc
1311 2177 1333 2221 la
1344 2175 1407 2224 faute

265 2261 289 2301 04
300 2248 401 2297 satisfuit
415 2266 444 2295 aa
459 2265 520 2307 sans,
530 2265 585 2312 roy.
599 2252 668 2298 Notas
679 2248 840 2313 explicarint.

264 2431 350 2493 auquel
364 2429 381 2475 il
393 2430 468 2475 donna
488 2431 530 2475 des
547 2428 625 2489 lagona
641 2431 671 2476 de
686 2429 808 2476 diciamu-

264 2504 316 2550 tion
330 2512 355 2549 ct
370 2500 412 2563 qui
421 2502 444 2548 le
454 2498 560 2547 defendit
574 2501 632 2546 dans
642 2518 673 2547 nn
684 2501 810 2564 plaidoyer

264 2590 311 2636 que
329 2589 387 2618 nous
405 2587 476 2618 avons
490 2587 585 2618 encore.
602 2570 639 2618 Cl.
660 2573 688 2618 dc
702 2576 771 2619 Orat.
788 2575 808 2628 1,

264 2653 304 2703 aa,
316 2652 370 2701 rso,
382 2654 406 2690 et
415 2647 464 2692 Pro
476 2642 571 2703 Quintio
587 2649 625 2700 as,
641 2650 679 2690 rs.

297 2724 334 2762 ta.
348 2712 585 2777 TurpionisAmbicii.
592 2717 617 2760 L.
625 2715 812 2763 ambiviuaTur-

265 2788 315 2851 pio,
331 2785 454 2832 comidicn
465 2784 557 2831 illustre
576 2786 608 2831 du
622 2796 699 2846 temps
715 2786 810 2834 (10Τό-

267 2875 345 2915 rencc,
356 2859 414 2903 dont
429 2857 446 2901 il
456 2857 512 2916 joun
525 2856 547 2900 la
562 2857 659 2917 plupart
671 2859 712 2904 des
721 2857 809 2919 piices.

299 2936 336 2974 43.
353 2931 452 2974 Juvcucs
471 2934 523 2971 ct...
540 2927 621 2987 positi.
637 2929 669 2972 La
689 2929 811 2974 deuxiime

267 2999 344 3060 partie
358 2999 388 3043 de
407 2997 560 3056 l’expression
574 3013 603 3042 nc
617 3007 666 3043 sert
687 3000 740 3059 qu'ia
756 3001 813 3045 don·

267 3085 310 3117 ner
323 3070 375 3129 plns
392 3069 422 3113 dc
435 3065 554 3128 priciaion
568 3070 580 3113 ia
595 3068 616 3113 la
637 3069 772 3129 premiere3
791 3081 812 3115 04

269 3151 304 3187 est
321 3142 381 3187 donc
395 3139 426 3184 ici
442 3136 572 3199 explicatis,
588 3155 679 3185 comme
699 3139 747 3187 tres
761 3157 813 3186 sou·

268 3221 323 3259 vent
337 3212 395 3256 dans
407 3210 498 3266 Tacite,
509 3210 539 3255 cl.
553 3210 590 3255 ch.
600 3225 694 3264 xxxin,
706 3217 718 3255 0
734 3228 739 3256 :
755 3216 814 3258 «Ju-

270 3305 281 3326 ι(
297 3298 365 3328 venes
377 3282 427 3342 jam
446 3290 470 3326 et
485 3279 559 3326 iorum
579 3281 713 3342 ingressuri,
735 3302 746 3324 n
767 3293 812 3328 etc.

268 3381 299 3390 -
311 3356 343 3399 Iu
354 3352 406 3414 ι’μεα
418 3351 500 3397 incude
511 3350 591 3413 positi.
602 3351 745 3414 Mituphore
757 3370 815 3399 nou-

268 3424 329 3470 velle
344 3439 374 3469 en
387 3438 413 3468 00
423 3438 477 3468 sens
492 3422 576 3483 qu'clle
587 3434 623 3469 eat
633 3423 761 3485 appliquee
772 3441 815 3471 aux

267 3497 349 3557 jeunes
371 3509 427 3556 gens
445 3492 554 3554 faconnis
576 3510 621 3554 par
638 3494 735 3552 l'etude,
755 3498 813 3542 mais

269 3568 325 3614 d’un
347 3583 418 3628 usage
437 3576 544 3611 constant
565 3567 622 3612 chez
644 3566 678 3613 lea
701 3566 815 3613 eutimius

269 3655 335 3701 greca
346 3648 371 3684 et
384 3636 465 3694 latins,
481 3646 574 3683 aurtout
585 3640 664 3699 quand
676 3639 693 3684 il
704 3639 772 3700 s’ugit
785 3639 814 3685 de

269 3728 320 3757 vers
336 3710 392 3756 bien
406 3707 510 3769 frappis.
529 3708 566 3756 cf.
579 3709 688 3764 Pindaro,
704 3710 777 3774 Pyth.
794 3713 814 3767 1,

270 3790 313 3840 873
329 3780 400 3827 anth.
415 3783 494 3826 Graeca
504 3778 551 3844 (id.
566 3783 660 3838 Jacobs,
674 3785 706 3838 ll,
715 3799 740 3844 p.
754 3780 815 3846 104),

268 3854 354 3917 Epigr.
368 3857 408 3904 44,
424 3858 436 3897 0
451 3868 456 3899 s
471 3849 556 3915 στίχον
575 3877 605 3888 -
619 3853 741 3918 Πιερίδων
756 3857 815 3919 χαλ-

269 3925 354 3975 κευτὸν
376 3919 413 3973 ἐπ’
428 3921 546 3987 ἅκμοσιν,
566 3926 623 3970 Hor.
639 3925 672 3970 ad
685 3925 735 3972 Pis.
751 3931 791 3971 444
808 3941 814 3968 z

270 4016 281 4037 «ι
298 3998 329 4042 Ε4
344 3995 406 4040 mule
424 4003 531 4039 tornatos
546 3994 624 4040 incudi
641 3997 741 4043 reddere
760 4013 814 4042 ver-

271 4082 330 4111 asus
349 4082 376 4122 n;
392 4065 457 4112 Enfin
472 4065 567 4114 Sidoine
581 4067 726 4128 Apollinaire
743 4085 755 4114 a
770 4084 815 4113 unc

269 4136 405 4196 expression
418 4136 459 4196 qui
478 4136 585 4198 rappclle
598 4148 651 4184 tout
668 4142 680 4184 b
698 4139 741 4186 fait
755 4140 815 4185 celle

270 4209 299 4254 de
314 4207 406 4261 Tacite,
421 4209 466 4269 Ep.
481 4213 504 4263 4,
525 4214 533 4252 4
551 4225 556 4253 :
572 4230 583 4251 u
602 4210 767 4271 Philosophica
780 4210 816 4256 in-

272 4301 283 4322 u
297 4279 355 4324 cuda
366 4277 478 4323 formatus
492 4297 504 4319 n
516 4276 618 4342 [d’apriss
632 4281 727 4346 Orellil.

303 4358 340 4396 40.
358 4351 388 4394 Iu
403 4347 483 4406 vicem,
496 4365 525 4395 au
538 4350 584 4395 lieu
596 4351 626 4397 dc
639 4351 701 4398 iuter
713 4355 816 4409 sc,n'est

271 4439 313 4485 pas
325 4419 447 4480 classique.
466 4419 496 4465 cl.
512 4422 618 4483 Drseger,
631 4439 681 4468 oue.
696 4423 735 4469 cit.
747 4425 761 4486 §
775 4431 814 4471 40.

304 4501 342 4540 47.
360 4496 477 4539 Seruus...
492 4491 615 4538 scatentia.
631 4494 695 4541 Cher
711 4497 745 4541 les
757 4495 817 4541 iscri-

272 4566 335 4612 vaina
350 4567 380 4611 dc
400 4573 463 4610 cette
484 4563 587 4626 ipoqae,
602 4581 683 4612 scmus
698 4568 816 4629 remplacc

272 4647 369 4684 convent
386 4636 541 4697 l'expressiun
559 4637 677 4686 ordinaire
697 4640 817 4685 verborum

862 2429 972 2488 ambitus,
986 2451 997 2472 α
1018 2428 1126 2491 piriode,
1141 2448 1152 2470 u
1165 2426 1195 2474 cl.
1212 2426 1280 2478 Dial.
1297 2427 1334 2472 cb.
1348 2441 1407 2483 xxu,

865 2509 892 2548 43
907 2519 913 2548 s
926 2522 937 2545 ιι
949 2503 1020 2548 Pauci
1029 2516 1108 2547 sensus
1119 2511 1203 2561 apte...
1215 2499 1371 2546 terminantur
1381 2516 1407 2556 »ς

865 2580 894 2620 24
911 2590 916 2618 :
934 2595 944 2617 u
961 2574 1024 2620 Nulli
1048 2589 1127 2620 sensus
1149 2573 1245 2618 tarda...
1261 2581 1407 2618 structura...

864 2656 1035 2708 componantur
1051 2663 1078 2702 »ς
1099 2660 1174 2708 xxm,
1190 2651 1212 2690 2.
1233 2644 1339 2701 Quantis
1358 2658 1409 2687 sen·

864 2718 946 2776 tentia,
961 2716 978 2765 il
999 2716 1096 2778 diaigne
1111 2726 1209 2762 souvent
1233 2715 1323 2761 aussiis
1346 2724 1409 2760 cette

865 2789 959 2851 ipoque
971 2805 998 2834 00
1010 2805 1057 2851 que
1065 2803 1123 2834 nous
1138 2785 1250 2848 appelons
1261 2805 1272 2828 a
1284 2785 1306 2830 le
1321 2784 1378 2830 trait
1387 2803 1409 2842 a,

865 2869 890 2904 ct
908 2875 954 2920 que
973 2858 1104 2917 Quintilien
1118 2858 1208 2914 definit,
1223 2859 1278 2913 XII,
1300 2863 1337 2916 40,
1356 2861 1386 2901 48
1402 2873 1408 2905 4

867 2930 991 2975 «Lumina
1011 2930 1129 2990 praecipue
1155 2929 1180 2974 in
1199 2927 1308 2974 clausulis
1322 2928 1410 2988 posita,

867 3021 878 3042 α
895 3016 946 3060 quae
957 2999 1043 3045 feriunt
1051 2999 1148 3046 animoa.
1158 2999 1212 3045 »CR
1222 2998 1288 3045 niat
1298 2999 1337 3046 cb.
1348 3014 1409 3055 χιιι,

867 3077 879 3118 7
903 3086 909 3114 4
935 3090 946 3112 s
971 3072 1089 3129 Quasdam
1107 3071 1236 3117 sententias
1264 3070 1368 3128 invenit3
1398 3091 1410 3111 υ

867 3143 1022 3200 eh.11111,2
1038 3159 1044 3188 4
1062 3163 1072 3184 a
1088 3146 1119 3190 Et
1136 3143 1225 3192 illud...
1238 3159 1283 3203 pro
1295 3142 1410 3188 sententia

869 3235 880 3256 a
896 3213 999 3274 positum
1015 3230 1064 3259 csso
1084 3213 1196 3270 videatur,
1211 3234 1223 3256 u
1243 3224 1289 3259 etc.
1307 3211 1409 3278 [040111]Ι

900 3292 978 3332 itt-20.
996 3284 1067 3332 Accii
1075 3296 1117 3331 ortt
1126 3285 1232 3342 Pacuvii,
1245 3285 1338 3346 lesplus
1348 3284 1410 3331 cisle-

868 3358 922 3403 bres
930 3359 971 3404 des
981 3356 1065 3419 polites
1074 3357 1193 3420 tragiques
1201 3357 1310 3403 romains.
1318 3359 1351 3403 Le
1358 3373 1412 3417 pre-

869 3429 929 3476 mier
938 3430 1004 3476 40004
1011 3431 1040 3476 (10
1048 3437 1056 3475 4
1063 3436 1091 3476 70
1098 3432 1110 3474 is
1118 3436 1147 3474 00
1158 3430 1337 3484 nvantJ.·C.‚et
1346 3430 1369 3474 le
1379 3444 1413 3474 se·

870 3504 929 3547 cond
945 3503 975 3547 de
990 3508 1034 3546 ato
1049 3504 1061 3546 ia
1077 3508 1130 3548 sao.
1142 3503 1178 3547 Au
1192 3501 1412 3561 chap.suiv.,l.33,

869 3573 951 3619 Tacite
961 3575 1055 3633 parlant
1065 3588 1150 3618 encore
1163 3573 1193 3618 de
1206 3587 1243 3616 ces
1258 3572 1320 3616 deux
1330 3571 1413 3632 poetes

870 3647 904 3690 les
916 3644 962 3690 cite
974 3654 1038 3689 cette
1051 3642 1134 3688 lois-lia
1144 3645 1202 3688 dans
1214 3644 1302 3689 l'ordre
1311 3643 1411 3688 naturel.

901 3721 938 3761 2⁰.
957 3717 982 3763 V
982 3725 1062 3760 eterno
1081 3731 1119 3760 mc
1140 3719 1219 3775 paralt
1240 3714 1292 3760 esre
1313 3714 1363 3775 pris
1384 3712 1413 3759 ici

869 3789 926 3832 dans
941 3801 972 3830 un
983 3801 1036 3831 sens
1055 3785 1238 3849 mitaphorique
1255 3784 1366 3831 diffircnt
1383 3785 1413 3829 de

869 3859 930 3904 celui
940 3858 1013 3919 qu'on
1020 3858 1053 3904 lui
1063 3859 1140 3906 donne
1150 3859 1338 3905 ordinairement
1346 3875 1352 3914 ;
1361 3872 1415 3916 rap-

869 3929 957 3992 prochs'a
978 3930 1099 3988 dedecor,
1115 3931 1203 3994 auquel
1218 3931 1235 3977 il
1257 3930 1375 3990 s'oppoae,
1397 3928 1414 3973 il

869 4003 984 4064 signidem
993 4002 1015 4047 la
1031 4003 1115 4049 ronille
1128 4020 1175 4065 que
1189 4005 1211 4049 la
1220 4000 1312 4047 vetusti
1326 3999 1414 4060 dipose

870 4090 909 4120 sur
920 4075 954 4120 les
974 4075 1059 4133 objets.
1077 4077 1200 4121 Louandre
1213 4073 1303 4120 traduit
1320 4081 1414 4118 exacte·

870 4157 935 4192 ment
950 4163 955 4192 :
969 4165 981 4189 u
990 4149 1043 4192 Non
1058 4156 1096 4192 cet
1108 4144 1169 4193 siclat
1181 4145 1242 4192 terni
1249 4161 1293 4206 par
1301 4146 1323 4190 la
1331 4143 1415 4190 rouillc

870 4218 977 4264 d’Accius
991 4234 1021 4264 ou
1036 4221 1065 4263 (10
1078 4218 1222 4264 Pacuvius.»

901 4297 954 4336 20·2
961 4298 980 4337 Ι.
993 4292 1033 4336 Ex
1041 4289 1138 4335 Horatii
1146 4299 1169 4335 ct
1178 4288 1283 4349 Virgilii
1292 4300 1313 4335 04
1323 4290 1417 4336 Lucani

870 4361 983 4407 sacrario.
1002 4361 1092 4423 Depuia
1108 4377 1155 4421 quc
1172 4360 1263 4421 Virgile
1280 4371 1304 4405 et
1325 4364 1415 4407 Horace

870 4433 960 4479 italent
987 4435 1022 4480 lus
1040 4434 1097 4478 dana
1118 4432 1152 4477 les
1171 4431 1259 4487 ecolea,
1281 4431 1344 4477 leurs
1364 4448 1415 4478 vers

871 4504 960 4551 &taient
971 4505 1028 4551 dans
1039 4512 1116 4550 tontes
1127 4504 1162 4548 les
1175 4501 1309 4560 mimoires,
1318 4514 1343 4549 et
1354 4505 1414 4549 l’ad-

870 4575 983 4621 miration
990 4574 1061 4635 qu’on
1069 4574 1120 4619 leur
1129 4574 1208 4620 demit
1218 4574 1279 4620 avait
1288 4591 1350 4636 pour
1359 4578 1416 4621 cffct

870 4647 1000 4706 d’imposer
1013 4647 1025 4691 ia
1040 4656 1092 4692 tous
1107 4644 1142 4692 les
1156 4645 1268 4693 ierisaina
1281 4646 1416 4693 l'imitation
