3196 5256
369 453 593 509 nmnoces
620 453 674 506 nu
701 452 1000 518 onn'roumus,
1029 447 1059 529 pp
1087 453 1160 508 7-8.
1302 455 1339 509 ts

197 585 294 656 novis
320 602 354 657 et
377 585 573 655 recentibus
599 610 702 679 cluam
723 582 863 654 remotis
890 599 925 654 et
947 576 1150 654 oblitteratis
1176 584 1339 678 exemplis

197 707 288 798 utor)
303 728 373 773 non
398 701 510 770 minus
530 726 603 796 esse
628 700 663 769 in
683 700 842 770 extremis
865 701 1019 797 pertibus
1040 715 1212 772 terrarum
1237 726 1339 795 quam

196 825 322 916 Capuae
337 834 396 889 ant
412 818 593 904 Vercellis,
614 818 671 885 uhi
691 816 762 887 neti
780 818 955 887 dicuntur.
976 821 1051 889 Nec
1071 817 1137 886 hoe
1158 816 1223 886 illis
1245 815 1340 887 ulte·
1361 843 1377 893 5

197 941 278 1009 rius
299 936 366 1023 bis,
390 935 529 1005 alterius
550 950 603 1005 ter
623 935 732 1004 milies
757 933 951 1004 sestertium
975 950 1114 1029 praestat
1132 935 1341 1030 (quanquam

197 1055 240 1123 ad
262 1053 322 1121 bas
344 1052 433 1147 ipsas
455 1077 537 1146 opes
562 1064 706 1145 possunt
726 1047 835 1118 videri
861 1048 1065 1143 eloquentiae
1090 1048 1258 1119 beneficio
1279 1074 1342 1118 ve-

198 1168 311 1262 nisse),
339 1167 409 1238 secl
436 1166 507 1262 ipsa
534 1164 746 1261 eloquentia;
778 1166 874 1258 cujus
898 1191 1027 1236 numen
1059 1179 1093 1234 et
1124 1164 1266 1235 caelestis
1292 1164 1342 1234 vis

197 1287 303 1355 multa
327 1284 467 1380 quidem
492 1282 650 1351 omnibus
672 1282 803 1351 saeculis
831 1283 986 1376 exempla
1015 1282 1134 1367 edidit,
1168 1282 1210 1350 ad
1240 1309 1343 1377 quam

198 1427 306 1497 usque
332 1400 505 1469 fortunam
527 1396 684 1467 hemines
708 1397 836 1492 ingenii
863 1397 994 1467 viribus
1019 1397 1253 1493 pervenerint,
1285 1398 1344 1468 sed
1365 1416 1397 1468 10

200 1519 286 1605 haec,
312 1532 475 1612 utsupra
499 1513 581 1600 dixi,
613 1513 769 1609 proxime
798 1529 833 1584 et
859 1541 934 1609 quae
961 1540 1032 1583 non
1063 1515 1183 1584 auditu
1212 1540 1344 1610 eogno-

198 1635 337 1721 scenda,
368 1633 427 1704 sed
454 1631 563 1701 oculis
583 1630 768 1726 spectanda
786 1630 1003 1702 haberemus.
1025 1633 1114 1704 Nem
1137 1658 1206 1727 quo
1231 1631 1344 1702 sordi-

227 1885 376 1932 venissem.
390 1907 421 1918 —
433 1882 500 1930 Vlll.
515 1889 537 1928 6.
559 1880 653 1927 alterius
671 1855 717 1938 bis,
730 1882 805 1926 addit.
824 1882 852 1926 de
865 1882 975 1928 Pielieuu.
994 1907 1025 1916 —-
1041 1891 1063 1928 8.
1079 1881 1120 1928 sed
1135 1881 1210 1929 audit.
1226 1884 1254 1929 dc
1266 1887 1345 1931 luste-

198 1957 276 2018 Lipse.

228 2031 278 2075 NC.
295 2037 316 2074 6.
333 2026 466 2074 L'addition
484 2029 525 2073 des
537 2037 599 2073 mets
612 2025 711 2072 alterius
730 2027 765 2072 lis
777 2037 859 2073 trouve
879 2043 902 2072 se
918 2026 1074 2086 justificatior
1086 2028 1143 2073 dens
1156 2045 1202 2074 uue
1217 2029 1304 2074 schelie
1317 2030 1346 2075 de

197 2100 293 2147 Juvenal
307 2099 356 2163 (tv,
373 2100 423 2161 81),
436 2101 466 2143 oii
481 2098 497 2143 il
510 2109 545 2144 est
563 2099 597 2143 dit
615 2095 772 2159 precislment
791 2114 837 2158 que
854 2098 936 2143 Vibius
956 2099 1052 2159 Crispus
1067 2100 1187 2161 pesse'deit
1203 2100 1264 2145 deux
1283 2109 1348 2146 eeuts

197 2172 301 2217 milliens
311 2172 340 2215 de
359 2181 479 2216 sesterces.
494 2196 524 2205 —
537 2179 559 2216 8.
577 2170 600 2216 Si
612 2171 660 2216 l’on
682 2170 786 2229 n'ajoute
804 2187 845 2230 pas
857 2171 899 2215 secl
912 2186 967 2216 avec
985 2171 1142 2232 leste-Lipse,
1155 2173 1172 2217 il
1186 2170 1237 2217 faut
1248 2173 1349 2234 adoptet·

198 2245 219 2289 la
239 2245 307 2303 leeon
317 2243 349 2287 du
366 2242 506 2288 tetdonis*
519 2242 559 2304 qui
572 2241 692 2303 supprime
706 2240 756 2302 ipsu
769 2242 909 2304 eloquentie.

199 2412 212 2458 11
226 2429 256 2458 un
267 2418 310 2474 ege
326 2411 477 2468 t1·esavirncs'e,
489 2429 541 2457 vers
556 2412 576 2457 ln
592 2412 624 2457 1111
638 2411 670 2456 ‹lu
685 2428 742 2471 pre-

199 2485 259 2530 mier
271 2484 343 2530 siecle
360 2485 390 2530 de
402 2493 470 2528 notre
486 2483 535 2529 ere.
556 2483 688 2542 Quintilien
702 2499 743 2527 en-

200 2555 310 2601 ruetlrise
328 2555 385 2600 ainsi
395 2570 437 2599 son
450 2553 587 2614 eloquenee,
596 2558 626 2606 X,
639 2561 660 2609 1,
679 2560 722 2598 tu)
737 2570 742 2596 :

201 2648 211 2670 ιι
225 2626 304 2671 Vibius
319 2627 413 2686 Crispus
428 2626 573 2685 compositus
591 2635 614 2670 et
626 2625 744 2685 jucundus

201 2720 212 2741 ιι
228 2708 252 2743 et
273 2697 425 2743 delectationi
450 2708 528 2753 natus,
541 2695 638 2756 privatis
665 2706 745 2742 tamen

202 2791 213 2812 ιι
227 2769 302 2814 causis
317 2785 387 2830 quam
400 2768 500 2829 publicis
513 2769 613 2824 melior;
629 2787 640 2809 n
655 2767 685 2812 cf.
702 2784 744 2813 en·

200 2858 254 2887 core
270 2843 299 2897 V,
321 2847 359 2895 13,
377 2842 493 2902 483xl1,
513 2848 549 2903 te,
563 2846 600 2894 ll,
619 2851 643 2885 et
661 2838 744 2885 leven.

200 2916 252 2958 Set.
268 2915 308 2974 lV,
322 2919 359 2957 82.
374 2912 458 2956 Tacite
471 2911 698 2968 insedentibus
711 2911 745 2962 Il,

203 2992 250 3029 te:
273 3004 284 3025 ιι
303 2983 416 3037 Pecunia,
433 2983 550 3043 potentia,
571 2982 668 3045 ingenio
683 2983 747 3027 inter

202 3076 213 3098 ιι
227 3058 301 3101 claros
314 3055 388 3116 magis
406 3071 477 3115 qnam
497 3055 559 3115 inter
577 3055 657 3100 bonos.
676 3073 688 3096 u
701 3057 747 3100 Sur

201 3144 242 3172 son
251 3143 306 3172 nom
318 3129 404 3183 meme,
418 3125 448 3172 cf.
464 3129 530 3186 Corp.
544 3128 618 3172 Inscr.
632 3129 685 3172 Au.
701 3126 744 3179 111,

203 3206 225 3254 1,
239 3206 293 3253 610,
305 3208 329 3242 et
343 3213 418 3242 surse
432 3197 531 3242 canitie
548 3197 667 3258 politiqne
685 3197 745 3241 Plin.

202 3272 230 3316 Ν.
241 3273 270 3315 11.
277 3270 340 3324 xlx,
347 3284 445 3328 preoem.
454 3275 468 3312 4
477 3286 483 3325 ;
491 3271 547 3315 Tae.
555 3273 618 3313 Arsit.
631 3271 695 3322 XIV,
702 3275 745 3322 283

202 3339 265 3384 Hist.
278 3342 319 3394 IV,
333 3345 357 3384 41
371 3357 377 3395 ς
388 3346 426 3384 13.
435 3339 471 3385 Cf.
482 3339 543 3384 aussi
554 3343 619 3384 Suet.
627 3339 714 3385 Domiti
724 3345 745 3382 3.

235 3419 257 3456 3.
271 3409 339 3457 :Veris
349 3420 373 3454 et
383 3409 520 3455 recentibus.
529 3411 562 3455 Ici
571 3410 605 3455 les
615 3412 677 3455 deux
688 3421 749 3454 mets

202 3490 255 3526 sont
268 3483 280 3526 11
293 3497 340 3541 peu
352 3479 405 3540 pres
419 3496 504 3540 synon)
510 3497 565 3536 mes,
578 3481 631 3527 bien
648 3497 701 3542 que,
720 3497 749 3525 en

203 3554 236 3599 les
250 3555 388 3614 opposante
404 3558 498 3597 remotis
509 3562 531 3596 et
543 3552 695 3609 oblitteratis,
706 3555 750 3599 Tu-

202 3625 248 3670 cite
263 3626 296 3670 les
310 3624 343 3670 ait
355 3623 529 3670 differemment
543 3626 645 3670 nuanees
657 3641 661 3668 :
675 3623 705 3668 cf.
719 3640 749 3668 en

203 3696 301 3756 franceis
319 3696 341 3741 le
360 3706 410 3742 rnet
429 3713 530 3742 rreicvcau
555 3707 579 3742 et
596 3694 749 3756 l'expression

204 3779 252 3814 tout
256 3768 335 3830 freis.

236 3844 258 3883 4.
277 3842 334 3883 Esse
347 3848 383 3884 est
397 3839 447 3898 pris
461 3840 518 3884 dans
531 3855 561 3883 un
571 3855 623 3885 sens
633 3837 750 3900 emphati-

205 3924 251 3972 que
266 3926 271 3953 :
288 3929 298 3949 u
321 3909 352 3954 lls
373 3921 425 3954 sont
447 3920 552 3971 partout,
571 3913 622 3956 leur
645 3927 699 3955 nom
716 3920 752 3955 est

206 3990 311 4043 partout,
336 3981 397 4025 aussi
417 3981 473 4026 bien
496 3999 540 4027 111111
561 3981 696 4027 extremius
719 3982 751 4025 du

205 4055 292 4100 monde
311 4066 387 4114 que...
403 4072 414 4094 n

238 4134 259 4171 6.
272 4128 355 4187 Cipuce
367 4135 408 4169 aut
422 4121 547 4173 Vercellis.
562 4122 752 4169 stareellustmit

206 4196 236 4245 de
249 4201 354 4259 Capone,
368 4198 472 4257 Crispus,
484 4197 513 4241 de
525 4196 633 4251 Verceil3
644 4194 673 4240 ei.
686 4199 751 4257 Coepi.

207 4272 282 4316 luser.
302 4271 355 4314 Lut.
375 4270 405 4324 V,
421 4276 445 4312 2.
460 4274 529 4324 6660,
546 4273 616 4318 0500,
638 4272 706 4311 6711.
723 4292 754 4300 -

208 4339 255 4386 Uli
268 4339 320 4385 nuti
333 4339 449 4384 dicuutur.
464 4338 610 4399 Qu'inrporte
626 4353 655 4381 cn
669 4341 725 4382 effet
741 4340 752 4381 ir

206 4413 270 4470 Aper
282 4427 328 4471 que
340 4412 360 4456 la
375 4411 488 4456 tradition
504 4412 570 4470 place
584 4411 641 4453 dens
656 4408 709 4453 telle
723 4425 753 4453 ou

208 4482 265 4527 telle
282 4482 336 4528 ville
356 4483 377 4527 le
396 4483 496 4527 herecee
512 4483 640 4527 d'otutems
653 4480 754 4526 illustres

208 4554 266 4597 dont
298 4555 320 4599 le
344 4555 428 4599 monde
454 4555 531 4600 entier
553 4565 588 4600 est
613 4554 703 4598 devenu
731 4553 751 4597 lu

208 4624 302 4686 patrie?

833 2419 883 2457 5-6.
906 2413 1014 2457 Alterius
1034 2413 1079 2469 lis,
1095 2413 1195 2458 alterius
1213 2423 1247 2457 ter
1263 2414 1349 2460 millies

799 2483 939 2528 sestertium.
946 2486 978 2529 Le
988 2489 1118 2528 sestertium
1128 2483 1294 2545 representem
1304 2502 1349 2530 une

800 2570 889 2599 somme
911 2555 941 2599 de
961 2565 1014 2600 cent
1036 2555 1100 2600 mille
1125 2565 1245 2612 sesterces,
1264 2557 1351 2619 Eprius

800 2624 926 2671 Marcellus
938 2626 998 2671 avait
1009 2642 1054 2671 une
1067 2626 1160 2672 fortune
1171 2626 1201 2672 de
1213 2627 1274 2671 deux
1285 2639 1350 2673 cents

800 2697 903 2743 milliens
921 2696 1012 2756 (c-e-d.
1029 2698 1125 2743 environ
1146 2705 1175 2744 10
1195 2698 1299 2744 milliens
1319 2700 1350 2748 de

801 2766 886 2829 francs)
903 2777 927 2813 et
941 2768 1025 2814 Vibius
1037 2769 1132 2828 Crispus
1151 2786 1196 2814 une
1212 2768 1351 2815 fortunent·

801 2839 858 2884 trois
878 2850 943 2884 cents
962 2839 1064 2885 milliens
1078 2841 1108 2885 de
1127 2852 1240 2887 sesterces
1253 2840 1349 2905 (e.·ir·d.

802 2927 854 2956 env.
871 2919 898 2956 60
911 2910 1014 2956 milliens
1027 2912 1057 2957 de
1072 2924 1139 2959 notre
1153 2912 1280 2976 monnaie).

833 2990 854 3027 6.
867 2985 1014 3043 Quaviquuni,
1026 2993 1049 3028 et
1061 2993 1182 3045 pourteut,
1190 2985 1216 3043 je
1225 2985 1350 3031 l'aeeorde.

801 3056 835 3099 En
847 3052 997 3100 retablissant
1014 3071 1067 3100 sous
1087 3073 1132 3101 une
1144 3056 1220 3102 forme
1233 3055 1351 3119 regulierc

801 3126 824 3170 le
848 3125 1021 3172 raisonnement
1040 3127 1139 3188 (l'dlter,
1165 3143 1194 3172 on
1218 3138 1300 3174 trouve
1323 3144 1352 3174 en

802 3196 1353 3258 semmeceei:s’ilestbienvraiqu’ilsdoivent

804 3269 816 3311 ii
828 3268 976 3329 l'eloqnence
989 3270 1040 3314 leur
1055 3269 1168 3315 immense
1180 3269 1281 3323 fortune,
1295 3270 1313 3315 il
1322 3286 1352 3315 ne

803 3338 854 3385 l'est
866 3355 909 3400 pas
928 3357 974 3401 que
987 3341 1010 3386 la
1025 3341 1129 3387 richesse
1144 3343 1197 3388 leur
1218 3342 1251 3388 ait
1263 3341 1316 3387 valu
1330 3343 1353 3387 la

803 3410 941 3470 reputatien
955 3412 1094 3458 universelle
1110 3414 1168 3458 dont
1183 3413 1213 3459 ils
1225 3415 1351 3474 jouissent.

835 3489 858 3529 7.
875 3487 901 3531 V
902 3482 971 3540 ideri,
984 3499 1031 3529 non
1044 3501 1087 3546 pas
1104 3487 1237 3531 seulement
1252 3490 1352 3546 aptarat·

805 3565 851 3610 tre‚
863 3574 874 3596 s
885 3556 943 3600 mais
953 3575 964 3597 ι(
980 3556 1030 3601 etse
1040 3556 1174 3601 considetis
1189 3573 1280 3602 comme
1292 3577 1314 3607 1,
1323 3581 1354 3592 -

805 3625 948 3688 Eloqucutv‘ae
962 3626 1083 3682 leiteficio.
1103 3630 1140 3671 En
1158 3630 1224 3688 silet,
1238 3643 1300 3687 pour
1320 3626 1354 3672 rd-

806 3713 944 3757 eompenser
965 3697 1051 3756 Eprius
1065 3698 1188 3742 Marcellus
1200 3698 1292 3743 d'avoir
1312 3697 1355 3743 fait

806 3769 948 3812 condemner
968 3767 1090 3823 Thrasea,
1113 3766 1192 3813 Neron
1219 3767 1251 3813 lui
1277 3769 1354 3813 donna

806 3839 860 3898 cinq
887 3838 990 3882 milliens
1009 3837 1038 3883 de
1061 3848 1185 3894 sesterces,
1202 3840 1302 3886 environ
1325 3856 1355 3885 un

806 3910 896 3954 millien
917 3911 946 3954 de
965 3908 1041 3954 lienes
1060 3908 1126 3973 (Tne.
1143 3913 1207 3956 Anu.
1225 3914 1289 3967 xvi,
1306 3909 1352 3968 33).

838 3989 860 4026 8.
872 3984 960 4027 Vvinteu
972 3992 994 4025 et
1006 3981 1105 4027 celestis
1113 3981 1156 4040 vis,
1170 3999 1264 4029 essenee
1277 3984 1355 4028 divine

807 4063 831 4097 ct
850 4063 917 4098 verte
935 4051 1031 4098 celeste.
1051 4056 1095 4099 Ces
1116 4054 1178 4099 deux
1197 4054 1354 4115 expressions,

807 4126 865 4169 dont
876 4126 899 4169 ln
912 4126 1012 4169 seconde
1026 4135 1061 4170 est
1077 4142 1108 4169 un
1120 4125 1186 4187 liger
1203 4126 1316 4173 conectit
1325 4128 1355 4172 de

807 4198 828 4241 ln
844 4197 972 4257 premiere,
985 4214 1015 4242 ne
1028 4207 1080 4242 sont
1092 4214 1134 4258 pas
1146 4200 1200 4258 plus
1220 4199 1355 4246 extraordi-

807 4269 883 4314 neires
897 4286 942 4330 que
956 4271 991 4314 les
1006 4280 1067 4315 mets
1079 4270 1184 4326 celestis,
1200 4271 1301 4328 divinus,
1314 4288 1357 4316 nu-

807 4356 859 4384 111111
871 4341 957 4396 menie,
971 4341 1093 4401 emploves
1104 4341 1122 4385 si
1133 4353 1230 4387 souvent
1238 4360 1282 4403 par
1290 4341 1356 4388 ciet·-

808 4428 850 4457 ron
876 4429 936 4472 pour
963 4413 1116 4458 curueteriser
1144 4414 1291 4475 l'elequenee
1315 4415 1356 4458 des

808 4486 893 4544 grands
910 4496 1025 4531 orateurs.

840 4563 917 4601 tu-t‘r.
935 4555 983 4602 Scil
997 4559 1081 4603 lucc...
1096 4558 1240 4603 lutbereruus.
1255 4560 1286 4602 Le
1300 4557 1355 4600 sub·

807 4623 893 4684 jonetls
904 4626 1039 4672 laeter-emus
1052 4646 1080 4673 uc
1095 4639 1189 4688 pererret
1204 4644 1245 4687 pus
1263 4629 1293 4672 de
1313 4625 1355 4671 dt-
