3196 5256
265 503 303 559 50
646 504 852 560 CORNELII
882 504 1026 561 TAClTl

210 648 462 730 reexcerpere,
483 633 568 702 nibil
592 634 723 704 referre
745 636 864 730 possis,
893 651 928 705 et
948 637 1044 705 velut
1071 635 1106 704 in
1137 635 1214 704 rudi
1244 635 1407 724 aedificio,

262 750 381 820 firmus
398 777 478 821 sane
495 750 607 846 paries
627 766 661 820 et
677 751 874 836 duraturus,
903 753 962 822 sed
988 779 1058 822 non
1083 753 1162 822 satis
1186 753 1357 849 expolitus
1375 770 1412 825 et

262 867 459 962 splendens.
487 871 562 964 Ego
582 883 696 938 autem
721 884 906 954 oratorem,
930 870 1020 939 sicut
1043 871 1250 967 locupletem
1272 897 1312 941 ac
1330 873 1409 942 lau-

261 997 334 1061 tum
358 1001 491 1080 patrem
511 985 660 1072 lamiliae,
686 1012 756 1054 non
779 1012 821 1056 eo
845 1001 977 1056 tantum
1000 989 1079 1057 volo
1104 1003 1195 1058 tecto
1220 989 1289 1084 tegi
1311 989 1409 1084 quod

261 1099 407 1171 imbrem
423 1128 461 1171 ae
482 1117 622 1173 ventum
638 1119 765 1190 arceat,
787 1103 847 1174 sed
868 1102 969 1173 etiam
990 1105 1083 1199 ‹puod
1106 1105 1216 1175 visum
1235 1121 1269 1175 et
1285 1106 1408 1176 oculos

205 1225 239 1278 20
259 1217 424 1306 delectet3
443 1246 513 1289 non
531 1246 569 1290 ea
587 1222 697 1290 solum
713 1219 835 1289 instrui
855 1221 1093 1316 suppellectile
1110 1247 1186 1316 quae
1203 1220 1408 1292 necessariis

258 1335 374 1405 usibus
389 1336 546 1423 sufficiat,
561 1337 620 1406 scd
637 1337 679 1406 sit
694 1336 729 1405 iu
743 1351 908 1433 apparatu
920 1339 992 1431 ejus
1007 1352 1041 1407 et
1056 1364 1179 1407 aurum
1195 1354 1230 1409 et
1243 1363 1401 1434 gemmae,

257 1467 296 1521 ut
310 1478 447 1524 sumere
463 1452 497 1522 in
512 1479 632 1523 manus
648 1469 681 1523 ct
696 1454 850 1549 aspicere
861 1454 983 1549 saepius
1000 1454 1115 1525 libeat.
1134 1454 1300 1545 Quaedam
1318 1479 1405 1525 vero

256 1570 377 1665 procul
402 1586 585 1641 arceantur
608 1586 645 1640 ut
665 1571 734 1665 jam
753 1570 946 1640 oblitterata
969 1587 1003 1640 et
1027 1570 1152 1641 olentia
1174 1573 1335 1640 :nullum
1360 1571 1405 1641 sit

255 1688 399 1757 verbum
415 1688 509 1758 velut
525 1687 684 1784 rubigine
703 1687 880 1774 infectum,
899 1687 985 1756 nulli
1005 1713 1123 1758 sensus
1138 1687 1234 1757 tarda
1250 1702 1284 1757 et
1298 1686 1402 1757 inerti

201 1815 234 1869 25
254 1819 426 1874 structura
444 1805 478 1872 in
493 1830 626 1874 morem
644 1804 818 1874 annalium
836 1819 1104 1900 componantur3
1131 1803 1254 1900 fugitet
1275 1803 1401 1872 loedam

254 1936 288 1990 et
306 1921 467 1990 insulsam
484 1919 739 2006 scurrilitatem,
762 1919 871 1991 variet
888 1920 1185 2017 compositionem,
1200 1946 1264 1991 nec
1280 1945 1402 1991 omnes

253 2038 420 2106 clausulas
438 2063 507 2106 uuo
523 2053 557 2108 et
572 2038 695 2108 eodem
710 2038 814 2107 modo
829 2038 1048 2110 determinet.

302 2156 434 2223 XXIII.
455 2155 547 2224 Nolo
577 2154 723 2225 irridere
752 2169 880 2225 rotam
905 2160 1093 2225 Fortuna
1120 2172 1154 2227 ct
1173 2156 1238 2250 jus
1263 2154 1401 2227 verri-

281 2390 432 2437 thmttrns.
446 2395 528 2435 —t7.
544 2388 633 2434 lautum
647 2386 821 2448 Iuste-Lipare:
842 2386 965 2434 laudatum
988 2403 1043 2433 mss.
1059 2414 1091 2424 -
1109 2395 1148 2433 22.
1171 2389 1246 2434 libeat
1263 2388 1398 2451 Agricola:

250 2460 320 2510 liceat
329 2477 383 2508 mss.
396 2469 473 2509 -23.
486 2459 782 2522 arceanturlustc-Lrpsc:
794 2470 903 2506 arcentur
911 2477 967 2506 mss.
976 2485 1007 2495 -
1019 2466 1057 2505 24.
1068 2461 1132 2507 vclnt
1144 2461 1267 2509 [therama
1276 2478 1284 2504 :
1294 2461 1330 2508 vel
1340 2477 1396 2506 mss.

248 2557 280 2570 -
296 2537 383 2582 XXIII.
399 2541 420 2579 l.
436 2535 554 2581 verrinum
571 2536 605 2579 vF
620 2553 627 2578 :
647 2531 773 2577 Vetrinum
789 2534 815 2579 V
814 2533 842 2576 J..

249 2716 361 2768 portance
374 2706 408 2752 les
424 2704 530 2752 rhetenrs
549 2705 697 2751 accordaIent
711 2704 794 2749 bl'ob-

249 2795 357 2826 serrance
377 2779 407 2824 de
426 2767 465 2824 ces
480 2776 615 2839 preceptcs.
627 2803 658 2812 -
672 2779 729 2822 Cum
742 2791 796 2837 quo·

249 2851 303 2896 dam
315 2850 409 2903 lumt'ne,
422 2848 573 2913 (proplavec
586 2866 617 2894 un
626 2848 715 2894 certain
725 2845 794 2907 tent,

250 2922 337 2967 c.·'a-d.
359 2939 387 2967 en
406 2923 543 2982 employant
562 2920 597 2965 les
616 2932 696 2980 tropes
717 2928 741 2964 ct
761 2918 795 2963 les

249 2995 343 3055 ligures.
363 2993 410 3038 Cic.
428 2994 495 3037 Orat.
519 2998 558 3048 54,
573 2999 613 3037 tat
636 2993 719 3035 :uEa
744 3006 794 3050 quae

250 3084 261 3106 a
281 3065 390 3109 dicuntur
402 3063 516 3108 orationis
529 3064 596 3124 quasi
611 3062 691 3106 forma
710 3072 735 3106 et
755 3061 793 3105 lu-

251 3156 261 3178 «
281 3136 353 3191 mina,
368 3151 426 3196 qun,
438 3145 463 3179 ut
474 3135 533 3191 dixi,
549 3134 623 3180 (traci
637 3142 721 3177 vocant
733 3130 795 3195 σχή-

250 3227 261 3250 u
281 3224 355 3270 ματα.
372 3227 383 3247 n
394 3230 425 3241 -
444 3205 615 3251 Terminantur.
632 3208 675 3250 Les
688 3204 794 3249 rheteum

249 3279 466 3324 recommandaient
481 3294 510 3323 cn
525 3280 582 3322 ell'ct
594 3278 624 3321 de
638 3275 751 3320 terminer
760 3274 794 3319 les

248 3349 357 3411 periodes
372 3367 415 3411 par
428 3366 472 3395 une
485 3351 585 3394 encleuce
596 3346 759 3392 harmonicuse
770 3356 794 3391 et

248 3423 309 3468 aussi
322 3437 418 3483 parone
431 3424 503 3484 ligure
515 3420 662 3474 saisissante3
673 3418 703 3463 cI.
711 3419 791 3475 Quint.

249 3495 316 3551 VIII,
332 3502 355 3548 5,
376 3502 403 3541 la
420 3511 426 3541 τ
445 3515 456 3536 α
477 3494 525 3540 Sed
544 3509 605 3538 nunc
625 3492 688 3536 aliud
702 3491 791 3542 volunt,

250 3588 260 3610 u
280 3578 306 3613 nt
316 3567 392 3613 omnis
404 3583 483 3613 sensus
495 3566 518 3610 in
527 3564 572 3610 fine
592 3562 706 3610 sermonis
723 3560 794 3607 feriat

249 3659 260 3681 u
280 3654 367 3684 aurem.
385 3659 396 3680 n

282 3718 318 3757 ⁴5.
335 3714 473 3772 Excerpcrc.
494 3710 621 3768 L'ourrage
637 3708 666 3752 de
684 3703 793 3766 seneque

249 3780 271 3828 le
288 3783 345 3843 pere
360 3792 395 3829 est
411 3782 464 3841 deja
481 3780 566 3841 rempli
579 3778 703 3825 d'extraits
720 3787 744 3823 et
763 3778 793 3821 de

249 3871 373 3900 morceaux
397 3854 483 3899 cboisis
507 3854 536 3897 de
554 3869 580 3897 ce
604 3867 684 3912 genre.
700 3877 730 3884 —
745 3850 792 3896 Ile-

242 3927 325 3987 ferre,
337 3943 368 3971 sc.
381 3926 480 3970 domum.
492 3923 527 3970 CI.
538 3924 577 3972 ch,
586 3939 631 3978 xx,
646 3931 681 3968 ts.

280 4003 319 4042 23.
331 3996 436 4054 (ttamia,
448 3995 585 4057 expression
600 3995 646 4039 tris
658 3992 731 4045 forte,
747 3994 759 4036 a
772 3992 793 4035 ln

249 4070 351 4128 prendre
364 4070 421 4113 dans
430 4085 471 4114 ron
481 4083 534 4113 sens
546 4066 664 4111 ordinaire
675 4082 679 4109 :
693 4085 703 4107 u
716 4081 742 4108 rc
753 4062 794 4124 qui

250 4155 274 4184 se
287 4138 359 4184 trahit
371 4157 415 4200 par
431 4155 472 4185 son
486 4140 566 4184 odeur.
585 4158 596 4178 n
611 4139 731 4182 beurene
747 4136 792 4178 'In-

249 4209 296 4254 ritc
307 4210 367 4255 a·t·il
378 4211 448 4256 voulu
456 4211 541 4255 rendre
550 4226 604 4254 avec
613 4211 665 4268 plus
675 4206 794 4266 d'encrgic

248 4279 319 4326 l'idte
339 4280 489 4343 depectitur,
516 4281 556 4341 qui
579 4280 669 4339 signille
698 4288 796 4324 souvent

249 4372 260 4395 a
275 4351 383 4413 fatigant,
400 4352 576 4413 insupportnblc
589 4369 609 4394 n.

280 4432 318 4472 25.
340 4428 372 4471 In
385 4438 469 4469 morem
487 4421 616 4467 curialium.
638 4423 655 4467 ll
675 4438 704 4465 nc
725 4420 794 4482 s'ngit

248 4513 291 4561 pas
302 4497 332 4544 ici
345 4498 374 4544 de
383 4497 407 4542 la
416 4495 520 4542 muniere
530 4495 571 4540 des
580 4493 646 4538 rieux
659 4492 793 4548 annalium,

249 4586 341 4617 comme
353 4572 428 4617 Caton
440 4579 463 4616 et
477 4568 591 4622 d'autres,
608 4566 627 4611 si
644 4574 741 4611 souvent
753 4581 793 4610 re-

248 4642 313 4690 lerIe
326 4659 370 4705 par
379 4640 486 4697 Cicr'erou,
502 4640 560 4685 mals
573 4640 605 4685 du
615 4639 675 4699 style
690 4639 731 4683 des
743 4636 792 4682 liii·

248 4715 337 4762 toriens
351 4714 458 4780 (nortales
481 4724 517 4759 est
533 4714 555 4758 le
575 4723 650 4757 terme
664 4708 792 4773 generique

850 2718 911 2762 pour
926 2724 937 2745 u
951 2703 1047 2749 histoire
1060 2722 1071 2744 n
1082 2703 1139 2749 chez
1151 2703 1185 2749 les
1197 2702 1327 2767 Romaim),
1335 2705 1397 2765 style

849 2775 869 2819 si
883 2774 994 2821 different
1009 2776 1039 2821 de
1060 2775 1120 2820 celui
1135 2778 1177 2821 des
1191 2785 1305 2821 orateurs.
1326 2779 1398 2822 Peter

851 2858 962 2907 rapporte
984 2848 997 2892 ir
1015 2863 1042 2892 ce
1061 2863 1151 2908 propos
1171 2848 1205 2892 les
1227 2847 1396 2908 opinionssni·

850 2930 939 2975 rantes,
953 2919 1002 2965 Cic.
1015 2920 1081 2964 Orat.
1096 2925 1135 2975 20,
1151 2926 1178 2965 66
1196 2935 1202 2964 z
1222 2938 1233 2960 α
1247 2921 1275 2964 ln
1286 2919 1322 2964 his
1333 2917 1397 2981 (ctez

851 3009 861 3029 u
880 2991 914 3034 tes
926 2989 1055 3051 historiens)
1070 3001 1144 3035 tracra
1160 2989 1268 3051 quaedam
1283 3000 1307 3035 et
1321 2989 1396 3037 fluens

851 3081 861 3101 u
880 3061 1010 3120 expetitur,
1018 3077 1065 3105 non
1078 3062 1125 3105 hac
1138 3060 1186 3119 (des
1195 3071 1301 3107 orateurs
1311 3078 1396 3107 comme

850 3152 861 3172 u
880 3130 945 3194 trous)
969 3143 1077 3179 contorta
1105 3143 1128 3178 et
1150 3133 1209 3178 acris
1232 3133 1322 3190 oratio;
1337 3153 1348 3175 n
1367 3135 1396 3179 dc

849 3204 917 3248 Orat.
934 3204 1015 3260 ll,t.5,
1032 3210 1058 3249 ot
1075 3222 1080 3249 ε
1098 3225 1109 3245 u
1125 3205 1255 3249 Verborum
1266 3215 1344 3250 autem
1356 3222 1394 3250 ra-

849 3294 860 3315 «
880 3273 914 3318 tio
937 3284 961 3319 ct
986 3291 1060 3336 genus
1084 3276 1196 3320 orationis
1222 3275 1298 3322 lusum
1322 3287 1394 3338 atque

850 3366 860 3386 a
880 3356 980 3391 tractum
994 3358 1017 3392 et
1031 3364 1083 3393 curn
1094 3348 1192 3392 lenitate
1203 3348 1303 3408 quadarn
1313 3364 1393 3409 aqua-

851 3438 861 3458 u
880 3418 922 3464 bili
933 3419 1051 3479 profluens
1065 3419 1115 3465 sinc
1128 3420 1171 3463 hac
1182 3419 1289 3479 judiciali
1308 3420 1394 3480 asperi·

850 3511 860 3532 a
880 3500 928 3535 tate
948 3501 971 3536 et
993 3491 1043 3537 rinc
1066 3492 1237 3537 sententiarum
1263 3489 1394 3537 forensibus

849 3582 860 3603 α
880 3562 966 3607 aculeis
983 3564 1174 3625 persequendum
1194 3574 1244 3619 est3
1261 3582 1272 3603 n
1289 3563 1349 3608 Plin.
1363 3565 1393 3623 j„

848 3637 891 3695 Ep.
906 3636 935 3689 V,
951 3642 974 3690 a,
992 3642 1019 3680 to
1030 3653 1035 3680 ι
1047 3657 1057 3677 u
1071 3638 1124 3681 Hac
1139 3632 1234 3698 (oratio)
1243 3635 1279 3680 vel
1292 3634 1394 3679 maxime

849 3726 860 3746 a
879 3706 912 3762 ri,
923 3707 1088 3763 amaritudine,
1099 3706 1221 3763 instantia,
1230 3706 1269 3751 illa
1279 3705 1393 3769 (historia)

850 3799 860 3820 «
880 3786 955 3822 tractu
967 3789 991 3822 ct
1005 3780 1119 3824 suavitate
1138 3789 1208 3839 atque
1222 3777 1295 3825 etiam
1312 3779 1393 3823 dulce-

849 3870 860 3890 α
879 3850 934 3894 dine
947 3851 1034 3909 placet.
1049 3871 1060 3892 n

880 3928 962 3967 26·27.
984 3926 1031 3970 Nec
1042 3938 1119 3968 ornnes
1141 3921 1261 3967 clausulas
1286 3933 1333 3968 ete.
1355 3920 1391 3968 CI.

848 3993 907 4048 Cin,
920 3994 947 4037 dc
962 3996 1030 4040 Orat.
1043 3998 1086 4051 lll,
1100 4000 1139 4050 50,
1153 4000 1196 4038 {⁰2
1207 4009 1213 4038 ε
1225 4014 1236 4035 «
1251 3997 1307 4052 Qun
1319 3991 1394 4056 (elau-

849 4085 859 4105 α
880 4063 942 4127 sula)
949 4067 1057 4125 quoniam
1067 4075 1182 4127 apparent
1192 4076 1215 4110 et
1222 4065 1392 4125 intelliguntur,

850 4158 860 4177 ιι
879 4136 988 4181 varianda
997 4149 1059 4192 sunt,
1070 4155 1100 4184 ne
1110 4148 1151 4183 aut
1162 4135 1393 4195 animorumjudiciis

850 4229 860 4249 u
879 4209 1033 4269 repudientur
1047 4221 1086 4256 aut
1101 4209 1192 4255 aurium
1206 4209 1324 4254 satietate.
1341 4227 1352 4248 n

879 4281 968 4326 XXIII.
983 4288 1004 4326 t.
1021 4282 1103 4328 Rotam
1115 4284 1231 4327 Fortuna.
1245 4279 1281 4326 Cf.
1295 4279 1344 4326 Cic.
1369 4279 1393 4324 iu

848 4352 899 4400 Pis.
911 4359 948 4406 to,
962 4359 1008 4398 22:
1026 4374 1037 4395 α
1055 4357 1080 4399 In
1094 4369 1142 4415 quo
1156 4366 1207 4396 cnm
1218 4350 1283 4394 illurn
1299 4351 1394 4396 saltato·

850 4445 860 4465 u
878 4424 937 4468 rium
949 4435 1053 4470 versaret
1068 4425 1159 4477 orbem,
1179 4436 1209 4465 nc
1226 4430 1276 4465 tum
1297 4421 1392 4480 quidem

849 4516 860 4536 u
878 4498 1066 4541 Fortnnaerotnm
1081 4492 1271 4556 pertimescebat.
1290 4511 1300 4531 n
1310 4519 1340 4526 —
1351 4498 1393 4540 lus

849 4566 975 4611 verrimtm.
992 4570 1024 4612 Ce
1039 4563 1177 4627 diplornble
1192 4562 1234 4622 jeu
1249 4563 1278 4607 de
1289 4575 1351 4609 mota
1368 4580 1393 4610 ac

828 4621 939 4691 'trouve
963 4639 1031 4684 Vm.
1048 4639 1068 4693 1,
1086 4643 1125 4693 tn,
1155 4639 1194 4678 l2l
1219 4650 1225 4679 t
1247 4653 1258 4675 α
1278 4635 1337 4681 Hine
1357 4635 1392 4680 illi

848 4728 859 4751 ι
876 4707 981 4754 homines
995 4717 1071 4764 erant,
1085 4705 1128 4769 qui
1138 4702 1210 4751 etiam
1222 4704 1315 4752 ridiculi
1331 4706 1394 4752 inre·

851 4838 1189 4920 A·
