3196 5256
248 392 287 449 88
325 394 469 451 'ract'tt
498 394 724 451 ntatoecs
751 396 801 450 nt:
826 395 1126 463 eustatmus,
1152 390 1190 475 fl}
1214 396 1324 454 tit-tt.

250 525 405 611 Credite,
425 526 546 621 optimi
562 541 595 596 et
616 526 651 595 in
670 541 837 621 quantum
860 553 948 623 opus
967 542 1018 599 est
1034 527 1248 599 disertissimi
1266 527 1347 613 viri,
1370 528 1401 598 si

251 657 311 713 aut
334 669 394 712 vos
415 642 589 737 prioribus
615 644 749 713 seculis
770 660 829 714 aut
853 644 913 729 illi,
939 671 1026 740 quos
1050 646 1228 732 miramur,
1255 644 1310 715 bis
1326 645 1401 714 nati

253 774 379 844 esseut,
407 785 447 829 ae
473 759 558 829 deins
583 760 706 855 aliquis
737 761 823 830 vitas
857 788 897 830 ac
926 756 1082 857 tempora
1112 775 1226 832 vestra
1252 746 1406 856 repente·

253 890 427 961 mutasset,
448 901 512 946 nec
533 876 629 945 robis
644 902 779 946 summa
799 877 855 947 illa
876 879 947 946 laus
967 892 999 947 et
1017 878 1127 974 gloria
1147 877 1181 946 iu
1200 877 1401 973 eloquentia

200 1011 235 1064 tt
254 1017 368 1088 neque
396 992 461 1061 illis
488 992 610 1061 modus
640 1009 671 1062 et
712 1008 1021 1088 temperamentum
1046 993 1210 1063 defuisset
1245 1019 1253 1061 t
1287 1019 1397 1080 nunc,

255 1109 418 1207 (proriam
435 1135 538 1178 nemo
556 1108 677 1178 eodem
704 1124 858 1205 tempore
875 1110 1009 1205 assequi
1033 1124 1145 1204 potest
1163 1090 1322 1206 magnam
1347 1109 1403 1179 la-

256 1252 346 1295 ruam
377 1240 412 1296 et
440 1251 596 1321 magnam
618 1225 783 1320 (praetem,
808 1228 899 1295 bono
929 1226 1042 1295 sarculi
1070 1226 1120 1295 sui
1146 1226 1292 1322 quisque
1315 1225 1404 1317 eitra

256 1342 543 1412 obtrectationem
559 1342 698 1413 alterius
713 1357 841 1412 utatur.
867 1372 883 1407 n

307 1461 417 1526 XLll.
438 1458 587 1528 Finierat
608 1461 798 1544 Maternus,
820 1484 899 1528 cum
915 1459 1093 1528 Messalla:
1118 1488 1134 1525 u
1155 1461 1262 1528 Erant
1277 1456 1406 1553 quibus

259 1588 378 1644 contra
396 1574 561 1659 dicerem,
581 1589 678 1644 erant
694 1573 737 1644 de
753 1575 877 1670 quibus
892 1576 992 1671 plura
1010 1575 1077 1644 diei
1096 1575 1233 1660 vellem,
1252 1574 1317 1644 nisi
1332 1575 1407 1669 jam

259 1691 331 1761 dies
347 1706 434 1762 esset
450 1707 599 1762 exactus.
622 1721 638 1756 n
659 1732 706 1745 -
727 1721 743 1757 u
767 1692 852 1777 Fiet,
874 1691 986 1787 inquit
1002 1694 1192 1777 Maternus,
1211 1705 1329 1786 postea
1346 1716 1408 1759 ar-

260 1810 386 1879 bitratu
405 1825 476 1895 tue,
498 1823 529 1878 et
549 1808 575 1876 si
594 1835 659 1904 qua
678 1808 735 1876 tibi
755 1809 901 1877 obscura
924 1808 958 1897 in
979 1807 1046 1876 boe
1068 1834 1144 1878 meo
1160 1831 1320 1878 sermone
1336 1806 1410 1876 visa

223 1943 352 2012 tsunt,
379 1927 423 1997 de
447 1926 488 1995 iis
510 1952 628 1995 rursus
655 1925 886 1995 conteremus.
918 1954 934 1991 n
964 1929 1013 1994 Ae
1040 1924 1141 1994 simul
1164 1949 1346 2020 assurgens
1374 1938 1412 1995 et

261 2048 392 2140 Aprum
419 2043 645 2137 complexus:
675 2071 691 2107 u
716 2045 803 2137 ligo,
824 2041 947 2137 inquit,
970 2057 1004 2112 te
1028 2041 1149 2137 poetis,
1170 2041 1328 2111 Messalla
1345 2065 1411 2109 au-

263 2176 331 2230 tem
348 2158 549 2254 antiquariis
566 2156 838 2227 criminabimur.
857 2186 873 2223 n
890 2199 940 2212 -
957 2187 974 2224 u
992 2163 1036 2228 At
1054 2183 1119 2252 ego
1137 2183 1197 2227 vos
1212 2157 1413 2228 rhetoribus

264 2293 298 2348 et
317 2275 541 2362 scholasticis,
573 2305 588 2341 n
610 2275 732 2371 inquit¹⁴

314 2399 401 2463 Cum
428 2393 633 2478 arrisissent,
664 2391 894 2463 discessurus.

300 2595 450 2638 Vertissem.
462 2617 490 2626 -
505 2598 543 2636 22.
557 2591 591 2636 illi
605 2589 696 2637 Halm:
711 2590 750 2636 isti
766 2606 822 2636 ntes.
835 2617 866 2627 -
879 2597 917 2637 23.
932 2602 1040 2650 tempora
1056 2598 1130 2635 vestra
1146 2591 1224 2636 Harrse
1238 2606 1246 2635 .-
1261 2600 1336 2636 vestra
1354 2597 1415 2635 tem·

268 2679 330 2725 pora
339 2679 394 2710 mss.
404 2689 435 2699 —
447 2662 520 2711 XLll.
534 2670 585 2711 6-7.
598 2673 676 2709 autem
692 2661 857 2709 Weissenborn
874 2682 881 2707 :
894 2679 947 2708 eum
960 2678 1015 2709 nrss.

268 2834 313 2880 rsit
326 2843 462 2880 accusarem·
473 2848 519 2896 que
532 2847 571 2878 sur
582 2833 669 2880 l'ordre
679 2833 710 2878 du
721 2833 812 2893 prince,

269 2923 299 2951 ou
317 2922 379 2966 pour
396 2921 482 2967 renger
498 2921 543 2951 une
562 2905 638 2964 injure
653 2907 811 2966 personnelle.

269 2977 332 3023 C’est
346 2978 367 3022 tt
384 2977 492 3038 l’origine
505 2978 535 3022 de
549 2976 675 3023 dilatrare.

301 3056 339 3097 tt.
356 3050 387 3094 In
401 3059 511 3111 quantum
521 3064 578 3110 opus
589 3058 631 3105 est,
645 3058 726 3094 autaut
743 3048 814 3110 qu’on

270 3130 328 3181 peut
341 3120 364 3165 le
374 3120 513 3175 demander,
526 3119 592 3165 etant
602 3119 706 3166 donnees
722 3121 756 3165 les
768 3120 815 3165 cir-

270 3202 406 3237 eonstanees
417 3191 436 3235 si
452 3189 640 3236 dr'rlsvorablesa
658 3189 813 3251 l'dloquence.

271 3262 352 3308 'facite
373 3262 436 3306 adit
457 3277 486 3306 en
506 3262 610 3308 d'autres
628 3273 725 3321 termes,
740 3262 779 3309 eb.
795 3278 814 3317 1,

273 3340 297 3379 tt
317 3332 587 3390 :ultimabonorum
607 3344 632 3378 ut
652 3333 738 3379 nostris
756 3344 816 3379 tem-

272 3405 378 3468 poribus,
392 3402 522 3450 hominum.
541 3423 552 3446 n

303 3484 341 3523 2³.
348 3479 374 3525 V
374 3475 419 3522 itas
424 3493 452 3522 ac
459 3486 562 3540 tempora
572 3487 656 3535 restra,
663 3476 816 3524 c'esteotnme

273 3548 528 3611 s'ilyavaitrestrarum
535 3549 634 3595 vitarum
645 3553 818 3612 temporaVee·

273 3633 311 3668 tra
322 3638 346 3668 se
359 3631 470 3683 rapporte
479 3622 539 3667 aussi
552 3621 642 3678 avitas,
650 3620 680 3667 cl.
692 3622 816 3680 Riemann,

273 3711 323 3740 ear.
337 3693 376 3739 eit.
392 3692 406 3755 5
421 3699 460 3738 tt.

305 3774 343 3813 at.
361 3766 446 3812 Modus
454 3775 475 3810 et
482 3775 693 3828 temperamentum,
700 3767 720 3810 lu
728 3781 818 3811 mesure

274 3849 298 3886 et
312 3836 456 3900 l'dquilibre‚
472 3836 574 3900 qualities
587 3855 632 3900 que
644 3839 768 3884 Maternus
780 3853 817 3882 re·

275 3913 393 3957 connattlr
408 3926 444 3956 ses
460 3909 526 3956 amis.

307 3990 345 4029 at.
364 3985 426 4030 Bono
437 3980 518 4027 saccali
526 3975 572 4037 sai,
587 3998 613 4029 ee
625 3982 683 4046 qu‘il
695 3992 776 4028 troisse
790 3982 819 4026 de

276 4056 331 4101 bien
343 4057 400 4101 dam
416 4072 458 4101 son
477 4054 557 4103 siecle.
576 4057 620 4101 Ces
637 4064 699 4100 mots
718 4053 821 4099 ferment

276 4135 298 4178 le
311 4130 383 4177 ‹tt-bu
396 4141 420 4176 et
433 4129 529 4175 doivent
541 4138 627 4173 mettre
640 4127 747 4172 ‹l'aeeord
760 4122 822 4172 Mes·

277 4203 331 4248 stilla
341 4212 364 4247 et
374 4207 451 4262 Aper,
462 4218 492 4245 en
503 4203 568 4257 ellet,
583 4201 639 4245 dam
650 4200 685 4245 les
693 4200 754 4244 deux
766 4195 823 4258 dpe-

278 4290 335 4336 ques
345 4272 385 4334 qui
398 4283 439 4318 ont
451 4272 488 4318 tu
499 4271 645 4334 eorupurr'ses,
653 4272 670 4317 il
680 4287 694 4331 y
705 4287 717 4316 a
728 4272 759 4316 du
767 4270 823 4316 bien

279 4356 303 4394 et
313 4347 343 4390 du
352 4345 412 4400 runl3
426 4343 486 4388 done
495 4344 517 4388 lu
526 4344 589 4390 seule
597 4344 667 4389 chose
675 4343 822 4389 raisonnuble

868 2833 940 2895 qu'uu
950 2833 1028 2895 puisse
1040 2831 1106 2885 faire,
1114 2831 1172 2878 e'est
1182 2831 1212 2877 de
1223 2831 1288 2892 jouir
1300 2833 1331 2877 du
1348 2830 1413 2891 bien,

869 2922 920 2950 sans
934 2905 1068 2950 chr-roheria
1081 2903 1193 2966 exugbrer
1207 2904 1229 2949 le
1242 2905 1297 2949 mal.
1314 2902 1376 2950 Mais
1385 2919 1415 2949 eu

869 2978 945 3022 rueme
959 2988 1036 3037 temps
1051 2977 1108 3037 qu’il
1123 2976 1221 3022 coneilie
1239 2977 1273 3021 les
1290 2976 1353 3020 deux
1364 2973 1417 3035 opi·

869 3049 935 3093 nious
956 3049 986 3093 de
1004 3048 1113 3094 Messalla
1132 3057 1155 3093 et
1174 3047 1272 3108 d'bper,
1293 3048 1416 3093 Maternus

870 3120 938 3165 luisse
958 3121 1072 3164 enteudre
1087 3135 1134 3181 que
1152 3119 1313 3178 l'oecupation
1327 3119 1350 3163 la
1362 3119 1416 3178 plus

870 3191 941 3254 digne
955 3192 1011 3236 d'un
1027 3193 1121 3236 homme
1136 3192 1165 3236 de
1182 3193 1257 3237 tulent
1269 3201 1294 3237 et
1303 3191 1334 3236 de
1344 3204 1416 3246 eoeur,

870 3279 896 3308 ee
915 3262 975 3308 n‘est
992 3278 1034 3323 pas
1060 3262 1215 3324 l'r'tloquenee.
1233 3265 1270 3309 On
1291 3271 1343 3307 sent
1358 3261 1416 3323 qu'il

872 3346 933 3381 reste
952 3336 982 3381 de
1003 3336 1055 3395 plus
1070 3351 1099 3381 en
1109 3337 1162 3395 plus
1179 3334 1249 3380 fidele
1263 3351 1292 3379 au
1308 3335 1371 3379 culte
1388 3333 1417 3378 de

872 3416 938 3454 toute
951 3424 974 3452 sa
988 3407 1033 3464 rie,
1051 3409 1063 3452 it
1080 3408 1101 3453 la
1117 3405 1206 3467 poesie.

903 3477 970 3525 Citra
978 3478 1172 3523 obtrectationem.
1182 3474 1217 3521 Cf.
1227 3477 1263 3521 eb.
1274 3491 1365 3533 xxvnr,
1378 3483 1416 3522 lb.

903 3551 976 3595 XLll.
997 3557 1018 3599 t.
1036 3551 1111 3594 Erant
1125 3547 1210 3611 quibat
1225 3546 1416 3593 contradicerem.

874 3623 917 3667 Les
940 3620 1072 3680 objemions
1094 3622 1124 3666 de
1141 3619 1420 3693 Messallalporteraient

874 3693 994 3754 peut-erre
1007 3709 1046 3738 sur
1063 3708 1090 3737 ce
1105 3708 1152 3754 que
1164 3695 1287 3739 Maternus
1306 3691 1376 3747 adit,
1391 3705 1419 3735 au

874 3766 980 3826 chapitre
1006 3764 1144 3827 precedent,
1161 3765 1203 3810 des
1218 3763 1286 3809 exeita
1305 3762 1335 3810 de
1350 3764 1372 3808 ln
1390 3761 1420 3806 li·

875 3836 951 3883 berti.

907 3917 928 3955 o.
951 3910 1111 3973 Cottseremus,
1133 3909 1182 3970 pris
1207 3909 1362 3955 absolument.
1383 3902 1420 3954 Cf.

876 3983 925 4031 Gir.
940 3982 972 4028 ad
988 3982 1062 4028 Attir.
1084 3983 1103 4039 1,
1124 3989 1164 4039 20,
1181 3989 1189 4026 t
1209 3998 1215 4027 :
1232 4001 1243 4023 u
1267 3980 1292 4026 si
1310 3980 1368 4041 quid
1385 3989 1423 4024 tes

877 4076 888 4097 u
903 4054 973 4111 teret,
983 4070 1063 4100 eoram
1074 4054 1137 4100 inter
1148 4070 1190 4099 nos
1201 4051 1357 4099 conteremus⁴
1373 4069 1384 4091 n

908 4133 932 4173 ⁰.
944 4131 1001 4173 Cum
1008 4125 1153 4183 arrisissent,
1162 4123 1316 4171 discessimus.
1324 4125 1360 4169 On
1366 4130 1424 4183 peut

877 4214 1002 4260 comparer
1019 4200 1040 4243 la
1060 4198 1091 4244 liu
1105 4200 1137 4244 du
1156 4196 1262 4260 premier
1276 4196 1335 4242 livre
1350 4192 1424 4239 dude

877 4275 977 4317 Oratore
990 4281 1014 4316 et
1026 4271 1086 4316 celle
1097 4272 1128 4316 du
1141 4269 1261 4316 troisieme
1277 4269 1336 4313 livre
1347 4266 1379 4312 du
1390 4267 1425 4311 De

884 4345 967 4389 latina
985 4346 1094 4389 Deorum.

787 4589 790 4593 .
993 4585 1000 4591 .
