3196 5256
254 456 338 493 XXXII

648 432 996 490 IN'IRODUCTION.

298 568 394 633 Enfin
411 568 434 632 il
457 591 479 656 y
500 591 517 630 a
536 583 625 631 entre
645 564 677 629 le
695 566 855 654 Dialogue
876 580 908 628 et
929 565 976 630 les
997 590 1121 631 oeuvres
1146 566 1187 632 de
1201 570 1319 633 Tacite
1340 570 1398 635 des
1465 576 1470 583 '

254 701 401 774 rapports
422 707 538 748 encore
561 683 635 772 plns
660 682 771 746 etroits
792 705 798 744 :
822 681 869 744 les
897 685 1020 747 memes
1044 685 1251 749 associations
1276 686 1398 751 d'idees

253 800 420 890 appellent
442 799 521 864 dans
545 798 614 863 l'un
639 820 767 862 comme
795 794 875 860 dans
896 797 943 861 lcs
972 816 1078 864 autres
1107 800 1165 865 des
1194 803 1398 892 expressions

254 931 360 981 toutes
378 914 587 981 semblables.
607 917 660 981 On
678 938 718 977 en
729 916 843 1002 jugera
859 937 918 1002 par
932 914 963 978 le
982 916 1111 980 tableau
1129 919 1273 982 suivant:

288 1205 357 1257 nial.
377 1204 509 1265 XXXIV,
532 1207 558 1264 b,
582 1214 729 1263 oratorem,
750 1197 798 1268 qui

252 1286 406 1356 principem
427 1285 455 1336 in
477 1283 587 1335 civitate
608 1282 700 1333 locum
723 1277 797 1330 ohti-

252 1368 369 1422 nebat...

288 1477 323 1487 -
358 1446 490 1507 XXXVI,
511 1448 555 1503 27,
580 1440 741 1512 eloquentia
758 1459 798 1491 as-

252 1527 331 1598 sequi
354 1526 382 1577 in
404 1525 546 1578 civitate...
570 1522 737 1574 eminentem
759 1520 798 1571 lo·

251 1626 323 1658 cum.

286 1749 356 1801 Dial.
372 1748 533 1813 XXXVIII,
558 1751 590 1802 20
611 1745 796 1817 (postquam).

250 1829 381 1901 principis
403 1828 548 1898 disciplina
570 1828 658 1897 ipsam
683 1842 797 1896 quoque

250 1910 436 1980 eloquentiam
454 1909 524 1961 sieut
537 1907 630 1960 omnia
645 1905 697 1957 alia
713 1923 796 1975 paca-

249 2004 335 2043 verat.

285 2132 355 2185 nial.
381 2133 418 2196 II,
442 2133 537 2196 12-13,
553 2142 715 2200 promptum
738 2147 796 2179 ser-

251 2232 394 2266 monem...
423 2212 451 2263 in
480 2224 615 2282 quantum
643 2209 707 2261 satis
739 2220 798 2259 erat

250 2293 390 2364 prossueus
408 2310 507 2344 sermo.

285 2439 354 2491 Dial.
371 2438 450 2500 VIII,
466 2439 543 2501 8-12,
571 2436 630 2506 ipsa
661 2435 798 2505 eloquen-

249 2521 320 2575 tia...
341 2518 445 2590 ingenii
463 2519 565 2570 viribus
583 2515 792 2588 pervenerint...

249 2615 346 2654 neuter
360 2599 483 2652 moribus
499 2598 656 2669 egregius...

284 2988 352 3038 nial.
384 2985 519 3049 XXXVI,
554 2988 652 3048 10-15,
686 2982 792 3051 leges...

249 3067 413 3119 factiones...
439 3079 547 3118 senatus
575 3064 705 3115 adversus
734 3062 794 3131 ple-

247 3149 312 3200 bem
329 3146 511 3200 certamina...

282 3371 352 3423 nial.
370 3371 403 3431 V,
422 3372 465 3431 28,
487 3387 577 3420 non...
601 3366 705 3418 lirmius
729 3385 795 3417 mu-

247 3451 410 3516 nimentum,
423 3468 513 3521 quam.

281 3595 350 3647 nial.
362 3594 411 3659 IX,
422 3597 465 3658 2l,
480 3594 546 3645 laus.
554 3631 570 3643 ..
583 3590 697 3644 velutin
708 3588 794 3640 herba

246 3677 289 3728 vel
300 3675 368 3729 llorc
380 3687 518 3746 praecepta
529 3674 563 3726 ad
575 3672 678 3725 nullam
691 3682 793 3722 certam

248 3769 274 3808 et
286 3757 403 3810 solidam
418 3755 544 3827 pervenit
558 3755 697 3824 frugem...

282 3901 351 3952 ntat.
373 3901 518 3965 XXXVII,
543 3903 586 3963 29,
606 3900 676 3951 banc
692 3896 732 3949 illi
751 3895 792 3946 la-

246 3999 318 4033 mam
333 3981 584 4034 circumdederunt.

281 4285 348 4336 nial.
361 4283 397 4351 X,
408 4287 449 4349 13,
460 4303 562 4336 nomen
573 4283 692 4335 inserere
701 4282 787 4333 famer.

887 1206 954 1251 Anu.
976 1202 1027 1265 III,
1050 1206 1092 1266 75,
1116 1203 1270 1274 principem
1286 1204 1314 1256 in
1330 1204 1398 1257 civi-

854 1290 908 1331 tate
929 1281 1020 1333 locum
1035 1282 1133 1335 studiis
1151 1284 1275 1337 civilibus
1293 1303 1398 1337 assecu-

853 1372 928 1411 tus...

888 1749 955 1798 Hist.
972 1749 995 1811 I,
1012 1751 1035 1810 1,
1054 1762 1203 1819 postquam
1217 1769 1328 1804 omnem
1343 1773 1396 1824 po-

852 1827 967 1879 tentiam
999 1828 1034 1878 ad
1061 1847 1146 1881 unum
1172 1831 1293 1884 conferre
1323 1835 1397 1903 pacis

853 1907 987 1973 interfuit,
1011 1928 1109 1979 magna
1134 1909 1180 1962 illa
1203 1911 1313 1982 ingenia
1336 1933 1396 1966 ces-

852 2006 921 2041 sere.

886 2139 954 2182 Ana.
970 2132 1050 2196 XIII,
1067 2133 1189 2203 Augusto
1213 2149 1343 2206 prompta
1364 2155 1395 2189 ac

852 2211 993 2281 profluens
1019 2231 1081 2282 quse
1107 2213 1216 2266 deceret
1242 2215 1397 2287 principem

853 2291 1046 2363 eloquentia...

885 2443 954 2486 Ann.
982 2436 1032 2500 IV,
1057 2440 1101 2499 52,
1131 2438 1309 2508 prosperiore
1338 2441 1398 2493 elo-

851 2519 971 2589 quentiae
986 2538 1068 2589 quam
1083 2538 1191 2571 morum
1207 2522 1310 2574 fama...

885 2630 922 2640 -
957 2599 1036 2665 XIV,
1053 2603 1095 2664 19,
1115 2601 1227 2653 summis
1243 2602 1398 2656 honoribus

852 2694 880 2732 et
896 2681 981 2732 multa
1001 2680 1192 2751 eloquentia...
1210 2682 1346 2752 elegantia
1359 2685 1398 2737 vi-

850 2774 915 2813 tae...
943 2773 973 2812 ut
1004 2779 1054 2830 par
1082 2760 1205 2830 ingenie,
1228 2761 1266 2814 ita
1288 2782 1396 2816 morum

851 2842 1007 2894 diversus...

885 2990 952 3034 Anu.
968 2984 1017 3048 IV,
1031 2987 1075 3047 32,
1088 2981 1238 3036 discordias
1252 2986 1396 3038 consulum

850 3063 993 3113 adversum
1024 3061 1160 3128 tribunos,
1188 3063 1305 3134 agrarias
1336 3065 1395 3117 fru-

849 3142 1051 3212 mentariasque
1073 3144 1155 3212 leges,
1172 3144 1262 3214 plebis
1277 3157 1305 3196 et
1319 3144 1396 3215 optia

850 3236 964 3275 manum
980 3236 1161 3274 certamina...

884 3368 950 3417 Hist.
965 3367 1016 3429 IV,
1028 3369 1071 3430 52,
1083 3384 1171 3418 non...
1188 3367 1304 3437 perinde
1317 3367 1394 3420 firma

848 3446 958 3518 imperii
975 3446 1155 3513 munimenta,
1170 3465 1286 3518 qnam...

883 3594 950 3643 Hist.
970 3590 1003 3655 V,
1027 3595 1052 3656 7,
1077 3605 1175 3644 cuncta
1198 3607 1295 3663 sponte
1321 3592 1396 3646 edita
1479 3653 1481 3657 ¹

848 3685 895 3725 aut
916 3690 998 3723 manu
1017 3685 1085 3735 sata,
1103 3672 1192 3725 sive...
1210 3693 1257 3726 seu
1277 3673 1394 3726 solidam

847 3752 876 3803 in
891 3752 1011 3822 speciem
1024 3753 1205 3806 adolevere...
1254 3775 1256 3781 ·

883 3905 946 3967 Agr.
972 3899 1016 3959 20,
1040 3897 1176 3968 egregiam
1205 3898 1304 3950 samam
1332 3898 1394 3969 paci

847 3977 1038 4030 circumdedit.

881 4060 946 4110 Hist.
964 4058 1013 4123 IV,
1033 4063 1075 4122 ll,
1091 4058 1263 4131 principatus
1282 4058 1392 4112 inanem

847 4138 985 4192 eisarnam
1001 4140 1211 4193 circumdarent.

880 4286 946 4336 Hist.
964 4284 1001 4349 II,
1019 4288 1063 4348 61,
1079 4284 1152 4337 inter
1171 4302 1332 4355 magnorum
1354 4283 1391 4334 vi-

845 4382 939 4414 rorum
968 4363 1159 4416 discrimina...
1185 4363 1306 4415 inserere
1333 4379 1391 4413 sese

845 4444 924 4496 famae
941 4463 1021 4496 ausus
1038 4458 1112 4497 est...

880 4531 946 4574 Anu.
969 4526 1020 4588 VI,
1047 4527 1073 4588 2,
1095 4525 1160 4576 dnm
1188 4523 1391 4596 ignobilitatem

845 4624 922 4657 suam
937 4604 1041 4674 magnis
1052 4604 1209 4658 nominibus
1223 4603 1352 4657 inserit...
