3196 5256
428 491 652 548 DIALOGUS
679 493 738 546 ΒΕ
760 491 1054 555 ORATORIBUS,
1083 483 1097 565 Ξ
1123 491 1152 543 9.
1288 486 1293 492 ’
1327 486 1363 542 19

218 637 257 690 ut
294 622 507 693 beatissimus
548 621 785 694 recitationem
825 623 897 715 ejus
938 634 1081 691 eventus
1117 630 1358 713 prosequatur,
1383 641 1417 692 20

218 738 328 809 omnis
343 739 399 808 illa
414 741 486 809 laus
501 739 590 808 iutra
610 765 720 811 unum
732 753 791 807 aut
805 739 950 808 alterum
969 736 1072 821 diem,
1090 735 1185 804 velut
1201 733 1237 801 in
1256 733 1363 802 lrerba

217 857 271 925 vel
298 855 382 927 llore
405 871 588 952 praecepta,
613 856 655 924 ad
677 856 806 923 nullam
829 868 958 924 certam
983 867 1017 922 et
1042 851 1185 921 solidam
1206 848 1366 945 pervenit

219 971 367 1068 frugem,
391 999 455 1043 nec
481 988 540 1042 aut
563 972 746 1041 amicitiam
769 971 848 1040 inde
875 969 982 1040 refert
1003 983 1062 1037 aut
1085 969 1278 1038 clientelam
1308 981 1367 1035 aut

221 1114 419 1159 mansurum
448 1089 482 1158 in
506 1089 620 1157 animo
645 1089 846 1183 cujusquam
864 1084 1083 1171 beneficium,
1103 1084 1163 1154 sed
1181 1085 1366 1153 clamorem
1386 1093 1400 1136 ὓ

223 1231 347 1301 vagum
376 1221 411 1276 et
433 1232 535 1276 voces
559 1207 677 1276 inanes
708 1221 741 1275 et
764 1205 928 1301 gaudium
954 1204 1108 1272 volucre.
1137 1200 1367 1270 Laudavimus
1386 1213 1420 1266 25

223 1348 335 1418 nuper
350 1338 388 1391 ut
401 1322 522 1392 miram
543 1338 576 1392 et
593 1322 750 1392 eximiam
775 1321 975 1417 Vespasiani
999 1319 1250 1404 liberalitatem,
1274 1317 1367 1413 quod

224 1439 412 1535 quingenta
436 1439 590 1509 sestertia
612 1443 715 1508 Basso
740 1438 911 1508 donasset.
940 1437 1129 1506 Pulchrum
1154 1435 1189 1504 id
1211 1434 1364 1530 quidem,

224 1552 471 1650 indulgentiam
489 1553 654 1649 principis
674 1553 813 1650 ingenio
835 1553 960 1623 mereri
981 1580 986 1619 :
1011 1566 1140 1647 quanto
1159 1566 1274 1620 tamen
1293 1550 1366 1644 pul-

225 1671 353 1757 chrius,
377 1672 404 1741 si
426 1671 472 1741 ita
501 1698 555 1743 res
577 1670 752 1740 familiaris
775 1671 899 1766 exigat,
926 1694 961 1739 se
987 1669 1099 1765 ipsum
1117 1669 1245 1753 colere,
1269 1692 1368 1735 suum
1393 1671 1421 1715 2²³

224 1787 364 1880 genium
404 1787 610 1883 propitiare,
652 1814 747 1856 suam
779 1787 928 1882 experiri
960 1784 1217 1855 liberalitateml
1249 1783 1369 1878 Adjice
1390 1807 1424 1857 30

225 1903 318 1998 quod
344 1905 466 1999 poetis,
493 1905 519 1973 si
544 1905 647 1973 modo
668 1905 812 2000 dignum
831 1902 960 1998 aliquid
978 1905 1155 1973 elaborare
1178 1917 1212 1972 et
1232 1901 1370 1971 efficere

225 2021 343 2106 velint,
379 2021 607 2116 relinquenda
639 2020 854 2092 conversatio
886 2019 1077 2089 amicorum
1111 2035 1145 2089 et
1171 2018 1369 2113 jucunditas

226 2137 331 2222 urbis,
354 2137 544 2208 deserenda
560 2153 674 2208 cetera
689 2136 803 2206 officia
819 2151 926 2232 utque
942 2136 1005 2233 ipsi
1026 2137 1158 2223 dicunt,
1178 2137 1213 2205 in
1228 2128 1372 2207 nemora

226 2268 261 2323 et
277 2255 384 2339 lucoS,
407 2254 508 2324 idest
529 2254 564 2322 in
582 2254 814 2341 solitudinem,
836 2254 1068 2325 secedendum
1084 2270 1145 2324 cst.

257 2504 407 2550 Vaumurns.
421 2528 452 2538 -
469 2509 507 2547 at.
522 2504 563 2548 illa
576 2505 610 2548 vr·
623 2522 631 2547 .-
646 2503 690 2548 ista
704 2505 756 2551 Vr.
772 2503 1037 2574 —22.1rr·aeceptaeF:
1051 2511 1163 2563 percepta
1177 2504 1229 2559 Vt,
1243 2501 1372 2564 prrrcerpta

227 2575 318 2620 Selrelc.
328 2601 359 2608 -
367 2582 404 2620 30.
414 2575 509 2636 genium
520 2574 686 2636 Iuste-Lipse5
699 2575 819 2635 ingenium
831 2590 893 2628 ιω,-
904 2575 1074 2620 liberalitatem
1085 2573 1238 2637 Juste-Lr'psc
1249 2595 1256 2620 :
1272 2575 1374 2621 liberta·
1416 2578 1418 2581 ’

228 2657 276 2691 tem
289 2663 343 2691 nass.
357 2654 388 2681 -'
401 2654 439 2692 33.
453 2656 525 2707 utque
536 2644 597 2707 (quae
608 2645 636 2709 F)
648 2649 705 2693 Vr.-
718 2662 769 2707 quae
778 2663 799 2702 ν,
813 2657 837 2691 et
850 2656 875 2691 ut
887 2650 914 2692 L.
930 2672 962 2681 -
974 2650 1011 2692 34.
1026 2647 1183 2691 secedendum
1195 2645 1292 2692 scaete.-
1306 2663 1373 2691 reee-

228 2717 330 2763 dcndum
340 2734 393 2763 mss.

258 2792 308 2836 ΝΟ.
323 2796 360 2835 34.
375 2794 406 2836 La
421 2791 553 2836 correction
567 2791 597 2836 de
608 2790 690 2836 Schelc
703 2800 738 2836 est
752 2791 922 2836 suffisamment
932 2789 1035 2850 justistie
1050 2807 1094 2852 par
1106 2806 1137 2836 un
1149 2807 1247 2853 passage
1260 2792 1375 2853 analoguc’

228 2863 259 2908 du
272 2864 309 2907 ch.
324 2879 374 2908 xu:
389 2882 400 2904 a
415 2863 462 2908 Sed
479 2863 568 2908 secedit
583 2863 673 2908 animus
686 2863 710 2907 in
724 2865 775 2908 loca
790 2878 858 2923 pura,
874 2882 884 2904 a
898 2871 922 2908 ct
934 2879 978 2923 par
990 2863 1156 2923 lesubstantif
1163 2879 1266 2909 secessus
1279 2879 1325 2925 que
1340 2865 1376 2910 les

228 2934 339 2980 derivains
354 2934 485 2995 emploient
497 2951 527 2979 cn
541 2935 617 2995 parcil
630 2951 677 2991 cas,
690 2935 720 2980 ef.
735 2935 817 2992 Quint.
833 2939 862 2991 X,
872 2935 899 2991 ’3,
910 2943 952 2980 33.

260 3112 337 3151 31-23.
345 3105 665 3168 Lares....per-veniesrugem.
673 3107 704 3151 La
712 3122 774 3150 com-
831 3107 843 3149 ir
856 3121 912 3151 vous
927 3104 994 3152 orirer
1005 3106 1046 3151 des
1060 3121 1201 3152 ressourccs.
1217 3110 1288 3152 —Se
1301 3097 1375 3167 ipsuar'

229 3179 337 3238 paraison
350 3188 386 3223 est
398 3178 427 3223 ici
438 3177 552 3240 abregee3
566 3177 624 3223 e'est
637 3193 729 3223 comme
740 3178 775 3222 s'il
830 3178 912 3231 colere,
925 3194 954 3223 ne
966 3177 1023 3224 faire
1036 3195 1060 3224 sa
1075 3195 1131 3224 cour
1143 3179 1196 3240 qu’a
1208 3179 1339 3232 soi-meme,
1351 3189 1375 3223 et

230 3267 243 3309 5
261 3249 321 3294 avait
335 3250 427 3297 laus...
437 3249 502 3311 perit
515 3250 578 3294 velut
593 3265 668 3310 seges,
684 3265 772 3311 quae...
830 3252 898 3294 nona
911 3251 1055 3310 l'cmperenr
1064 3251 1088 3295 ni
1099 3269 1143 3296 aux
1155 3252 1250 3313 grands.

229 3322 261 3365 ad
279 3320 407 3365 autema...
421 3322 640 3383 pervenitsrugem.
654 3323 774 3366 Horacen
862 3329 943 3371 atr-30.
965 3327 1040 3368 Situm
1063 3327 1158 3383 genium
1180 3322 1316 3384 propitiare.
1343 3325 1375 3368 Le

229 3392 264 3436 dit
276 3408 331 3437 avec
341 3408 388 3436 non
400 3391 477 3437 moins
490 3393 519 3438 de
533 3391 649 3445 brievetr'r,
659 3396 704 3453 Ep.
719 3394 739 3445 1,
752 3401 773 3437 2.
831 3391 899 3455 genie
914 3394 979 3439 etant
991 3397 1014 3440 lc
1028 3396 1084 3441 dicu
1096 3396 1233 3455 particulier
1243 3396 1272 3440 de
1285 3396 1376 3456 chaque

230 3469 272 3508 tt:
292 3484 303 3505 ιι
320 3464 366 3521 Qui
379 3473 443 3508 recte
459 3464 552 3509 vivendi
568 3474 681 3525 prorogat
693 3464 774 3508 horam
832 3467 937 3521 homme,
950 3467 1007 3511 c’est
1024 3483 1054 3511 nn
1071 3468 1152 3513 devoir
1166 3469 1195 3512 de
1210 3467 1243 3512 lui
1260 3467 1334 3527 plaire
1352 3477 1377 3512 et

231 3555 241 3577 α
253 3534 361 3582 Rusticus
369 3547 500 3599 exspectat,
510 3537 565 3580 dum
573 3535 660 3581 defluat
670 3535 752 3584 amnis.
764 3554 774 3575 a

262 3614 299 3652 22.
312 3610 442 3669 Praeeepta,
450 3607 480 3654 el.
497 3608 560 3654 Hist.
573 3609 613 3666 ΙΙΙ,
624 3613 651 3653 lb
662 3625 686 3652 z«
698 3606 775 3652 Festi-

232 3701 243 3722 «
257 3689 311 3724 nato
325 3680 407 3740 praelio
418 3681 540 3725 victoriam
553 3680 710 3742 praecepisset.
723 3698 734 3720 a
745 3703 776 3713 ·—

231 3750 346 3807 Solidam,
360 3750 390 3798 cf.
402 3753 466 3797 Hirr.
479 3755 510 3807 V,
521 3760 547 3798 7:
564 3773 575 3795 α
590 3755 679 3799 Cuncta
691 3762 776 3812 sponte

232 3843 243 3864 a
258 3822 320 3868 edita
331 3833 371 3868 aut
381 3840 450 3868 manu
461 3824 614 3879 sata‚sive....
625 3839 666 3870 seu
676 3823 776 3869 solidam

233 3913 244 3935 a
260 3893 284 3938 in
300 3894 403 3953 speciem
415 3895 540 3941 adolevere
544 3915 611 3944 .....
629 3897 649 3941 Il
664 3895 731 3956 s'agit
747 3895 776 3939 de

231 3967 252 4011 la
266 3964 378 4010 maturitc'·
392 3966 520 4026 complete.

264 4046 302 4083 23.
315 4037 399 4098 Refert
412 4054 423 4082 a
435 4054 495 4097 pour
508 4039 569 4098 sujet
581 4038 671 4083 Saleius
684 4038 776 4100 Bassus,

231 4125 321 4154 comme
336 4110 389 4168 plus
406 4109 463 4154 baut
478 4107 593 4170 dispergit
608 4119 632 4154 et
648 4109 681 4154 les
695 4111 778 4155 verbes

235 4179 275 4240 qui
295 4179 431 4241 precedent.

263 4257 301 4296 24.
313 4255 461 4316 Mansuram,
471 4253 578 4308 durablc,
586 4262 621 4297 est
632 4252 689 4297 daus
699 4253 778 4298 Tacite

234 4322 386 4369 unveritable
398 4324 498 4384 adjectis
502 4342 508 4380 ;
519 4323 551 4370 cr.
565 4324 649 4385 Agrie.
658 4330 701 4380 463
712 4324 776 4372 Hist.

233 4396 253 4450 1,
267 4400 311 4451 783
326 4396 391 4444 Aac,
408 4397 450 4450 lv,
466 4403 505 4443 38.

264 4473 303 4515 27.
315 4467 448 4529 Quirrgenta
455 4468 573 4522 sestertia,
585 4468 639 4530 cinq
649 4477 703 4514 cent
713 4467 777 4514 mille

234 4548 355 4595 sesterces,
368 4541 464 4587 environ
477 4553 531 4587 cent
546 4541 609 4587 mille
621 4541 705 4586 francs.

266 4617 304 4655 tt).
320 4613 349 4655 St’
363 4610 397 4656 ita
411 4626 448 4657 res
455 4612 594 4674 surru'liarir
606 4618 696 4674 erigat,
712 4615 779 4657 c.-ir-

235 4679 260 4726 d.
280 4681 300 4726 si
318 4680 384 4727 l'etat
397 4684 426 4730 de
441 4694 507 4730 rotre
525 4684 618 4731 fortune
630 4701 686 4731 vous
702 4684 781 4745 oblige

832 3539 861 3583 de
869 3555 893 3582 se
910 3539 932 3582 le
950 3539 1034 3583 rendre
1051 3536 1178 3583 favorable.
1189 3541 1279 3583 Horace
1292 3554 1316 3583 se
1329 3544 1377 3582 sert

832 3609 965 3671 tgalemem
973 3610 1003 3654 de
1014 3609 1097 3670 genius
1108 3625 1168 3669 pour
1177 3609 1286 3671 designer
1294 3611 1315 3653 la
1325 3625 1378 3670 per·

831 3697 903 3726 soune
914 3682 1057 3736 elle-meme,
1067 3684 1112 3741 Ep.
1125 3682 1157 3736 ll,
1168 3687 1190 3737 l,
1203 3686 1260 3725 tlt:
1274 3701 1285 3722 α
1299 3680 1377 3727 Silva-

831 3769 887 3798 num
896 3753 955 3798 laete
964 3754 1060 3812 piabant
1070 3752 1176 3798 Floribus
1187 3762 1211 3798 et
1221 3753 1274 3798 vino
1282 3753 1378 3814 genium

833 3840 985 3870 «memorem
1007 3824 1083 3870 brevis
1101 3824 1151 3872 avi.
1167 3844 1178 3865 n
1194 3823 1249 3882 (Sur
1264 3825 1286 3869 le
1300 3825 1375 3888 gc'aie,

833 3917 844 3938 a
858 3895 888 3941 cf.
905 3897 962 3941 Hor.
975 3899 1019 3956 Ep.
1034 3898 1064 3953 ll,
1075 3903 1099 3952 2,
1114 3902 1157 3942 187
1172 3906 1195 3942 et
1209 3897 1278 3959 suiv.)

864 3973 901 4017 32.
912 3967 1057 4013 Conversatio
1066 3968 1200 4023 arideorum,
1210 3968 1232 4014 lc
1245 3984 1377 4014 commeree

833 4041 861 4085 de
874 4055 910 4084 ses
923 4040 989 4087 amis.
1004 4042 1067 4086 Dans
1079 4057 1106 4085 ce
1120 4056 1181 4094 sens,
1195 4043 1217 4086 le
1227 4051 1277 4086 mot
1287 4057 1379 4086 couver-

831 4111 893 4155 satio
904 4121 939 4155 est
954 4125 985 4155 un
998 4110 1153 4173 neologisme,
1166 4113 1238 4174 qn'on
1254 4129 1283 4158 ne
1296 4123 1378 4158 trouve

832 4183 952 4242 peut-titre
969 4198 1011 4242 pas
1026 4195 1095 4230 avant
1108 4183 1225 4246 seneque,
1243 4185 1273 4231 cs.
1288 4187 1332 4246 Ep.
1348 4190 1378 4238 73

834 4261 876 4310 323
897 4254 940 4310 47'3
964 4261 1008 4311 943
1033 4264 1076 4312 au;
1098 4263 1150 4301 lod.
1168 4257 1222 4302 Plus
1237 4258 1289 4302 tard
1302 4255 1319 4300 il
1334 4257 1376 4300 de·

834 4326 899 4371 vient
914 4328 1087 4374 extremernent
1100 4328 1220 4390 frequent.
1376 4326 1379 4329 ¹

865 4405 903 4444 33.
915 4399 964 4460 Ipsi
975 4400 1065 4457 dicunt,
1079 4417 1122 4460 par
1134 4418 1169 4446 ex.
1184 4404 1240 4447 Hor.
1249 4404 1295 4463 Ep.
1311 4401 1340 4455 ll,
1355 4407 1378 4450 2,

834 4475 876 4516 77:
892 4491 902 4513 a
917 4470 1065 4532 Scriptorum
1078 4471 1160 4517 chorus
1173 4473 1248 4518 omnis
1261 4481 1324 4516 amat
1336 4486 1380 4515 ne-

836 4563 847 4585 «
862 4558 923 4602 mus,
938 4554 963 4588 et
976 4543 1036 4606 fugit
1049 4546 1134 4600 nrbes3
1150 4564 1160 4584 a
1173 4547 1250 4590 Carm.
1264 4545 1282 4602 l,
1297 4549 1319 4597 t,
1336 4537 1379 4597 3οξ

835 4617 878 4658 Or.
897 4614 967 4660 Trist.
983 4618 1001 4669 l,
1020 4623 1040 4669 l,
1054 4622 1096 4659 tr:
1112 4635 1123 4656 (ι
1143 4612 1250 4659 Carmina
1265 4628 1381 4657 secessum

837 4705 848 4726 (ι
863 4685 985 4730 scribentis
998 4696 1021 4730 ct
1036 4687 1084 4730 otia
1098 4695 1211 4746 querunt.
1228 4701 1255 4726 a.
