3196 5256
259 510 297 565 52
639 503 846 561 CORNELII
873 502 1017 558 Taciti

206 679 238 731 10
259 639 352 708 renis
367 638 496 722 sordet,
518 635 576 730 qui
595 637 775 706 rhetorum
794 651 992 704 nostrorum
1017 634 1281 704 commentarios
1306 633 1428 731 fasti-¹

257 756 368 841 diunt,
390 752 486 823 Calvi
506 752 686 823 mirantur.
707 755 803 842 Quos
823 776 920 821 more
939 751 1053 846 prisco
1071 751 1162 845 apud
1176 750 1331 844 judicem
1353 749 1410 820 fa-

257 874 412 941 bulantes
436 896 507 939 nou
531 870 704 940 auditores
730 885 933 964 sequuntur,
957 893 1028 936 non
1050 869 1198 963 populus
1219 867 1326 954 audit,
1348 867 1408 936 vix

256 988 406 1083 denique
430 987 582 1083 litigator
605 987 799 1083 perpetitur
826 1013 833 1054 ε

255 1103 374 1200 ipsam,
401 1130 503 1200 (piram
523 1105 666 1201 jactant,
694 1103 872 1173 sanitatem
896 1128 967 1170 non
991 1100 1162 1187 firmitate,
1190 1101 1249 1170 sed
1270 1099 1408 1193 jejunio

202 1253 234 1305 15
255 1236 526 1317 consequuntur.
554 1223 664 1289 Porro
691 1246 735 1290 ue
764 1219 799 1289 in
824 1243 970 1314 corpore
995 1218 1136 1314 quidem
1170 1215 1406 1287 valetudinem

255 1338 379 1408 medici
395 1339 554 1433 probant,
579 1363 654 1431 quae
677 1336 781 1404 auiiui
805 1334 974 1404 anxietate
999 1333 1186 1430 contingit3
1204 1357 1327 1427 parum
1354 1347 1407 1402 est

862 986 948 1055 adeo
972 984 1078 1054 maesti
1103 999 1137 1054 et
1162 984 1283 1053 inculti
1310 983 1407 1052 illam

254 1479 565 1550 aegru1n1ionesse
587 1481 593 1520 :
618 1452 743 1522 sortem
761 1468 795 1522 et
812 1454 927 1520 lartum
950 1467 983 1522 et
1000 1452 1148 1520 alacrem
1173 1451 1264 1519 volo.
1288 1452 1406 1545 Prope

253 1573 348 1641 abest
364 1572 405 1640 ab
428 1570 636 1656 infirmitate,
658 1569 693 1638 iu
709 1595 778 1664 quo
796 1570 866 1636 sola
882 1567 1005 1637 sanitas
1020 1567 1191 1636 laudatur.
1214 1569 1286 1635 Vos
1301 1591 1399 1653 vero,

253 1691 324 1759 riri
341 1687 565 1773 disertissimi,
592 1702 630 1756 ut
651 1685 805 1781 potestiS,
833 1700 872 1754 ut
896 1683 1018 1770 facitis,
1048 1683 1214 1753 illustrate
1234 1684 1403 1753 'saeculum

200 1840 234 1891 20
255 1819 411 1875 nostrum
427 1804 663 1900 pulcherrimo
680 1828 808 1900 genere
826 1801 977 1872 dicendi.
999 1804 1089 1873 Nam
1106 1816 1141 1871 et
1160 1815 1206 1887 te,
1228 1801 1399 1887 Messalla,

254 1921 355 1991 video
390 1921 558 1989 laetissima
590 1945 736 2014 (qumque
767 1917 987 2012 antiquorum
1020 1916 1222 2002 imitantem,
1262 1931 1296 1986 et
1327 1942 1399 2002 vos,

284 2152 435 2196 viminu«.
450 2175 482 2185 —
493 2157 530 2196 to.
548 2149 671 2196 fastidiunt
681 2152 804 2194 Heumann
819 2167 827 2193 .·
841 2147 964 2194 fastidiunt
974 2149 1075 2194 oderunt
1092 2152 1148 2198 VF:
1168 2147 1291 2194 fastidiunt
1302 2159 1326 2194 et
1339 2149 1402 2196 ode-

253 2232 307 2266 runt
317 2224 346 2266 t.
359 2247 392 2256 —
407 2229 444 2268 ts.
458 2223 523 2267 illam
535 2221 610 2268 Μ’.-
626 2221 695 2266 istum
709 2223 733 2266 V
733 2223 761 2265 L.
781 2245 813 2255 -
826 2227 862 2265 tt.
877 2235 924 2266 nou
942 2220 1055 2265 firmitate
1071 2219 1217 2270 Acidnlt'ns:
1238 2220 1402 2267 infirmitatem

253 2296 300 2345 vF,·
316 2293 526 2355 infirmitatemque
538 2295 591 2340 VL.
601 2319 634 2328 —
649 2300 687 2338 49.
698 2292 742 2337 viri
758 2293 813 2336 add.
827 2291 987 2342 d‘Aciclulr'ns.
1053 2306 1060 2314 ·

282 2367 332 2412 ΝΟ.
346 2373 382 2410 49.
397 2367 502 2413 Oderunt
513 2376 548 2411 cst
561 2382 605 2411 une
617 2366 682 2428 glose
698 2364 814 2411 evidente.
824 2389 856 2399 —
867 2370 904 2408 49.
917 2363 1051 2409 L’addition
1063 2365 1094 2410 du
1107 2375 1157 2410 mot
1172 2364 1219 2411 viri
1229 2366 1313 2411 devant
1327 2364 1402 2411 diser-

253 2435 338 2482 tissimi
351 2448 387 2483 est
399 2439 547 2484 absolument
557 2437 701 2494 neccssaire3
717 2436 746 2481 ef.
764 2435 887 2497 [d'aitleurs
899 2433 941 2498 :cli
957 2451 1011 2494 xiv,
1030 2443 1058 2482 45
1076 2452 1082 2482 2
1103 2457 1114 2479 ιι
1128 2437 1180 2483 Viri
1192 2436 1293 2498 optimi,
1309 2456 1319 2478 n
1336 2451 1401 2494 xxx,

252 2728 262 2750 ιι
280 2708 324 2754 diis
350 2707 447 2768 optimis
473 2709 576 2766 deditus,
594 2709 654 2754 bene
674 2708 746 2753 latine
764 2707 798 2752 lo-

253 2796 360 2841 «quens,
381 2797 465 2841 guarus
494 2781 527 2824 rei
547 2781 656 2841 publicar,
676 2797 723 2825 non
748 2779 797 2824 sine

252 2872 263 2892 ιι
277 2850 378 2909 facetiis,
391 2854 432 2896 sed
445 2868 522 2912 neque
532 2854 618 2898 laboris
630 2853 697 2897 multi
709 2869 752 2897 nec
764 2867 797 2895 sa-

252 2923 309 2968 «tis
329 2934 432 2969 versatus
457 2923 481 2968 iu
504 2925 586 2969 causis.
611 2944 621 2966 ιι
643 2924 705 2970 [tid.
729 2930 796 2969 259:

253 3013 264 3034 «
276 2994 372 3039 Sisenna
387 2995 453 3053 quasi
466 2996 605 3040 emendator
620 2996 734 3040 sermonis
748 2995 797 3040 usi-

252 3084 262 3105 «
280 3064 324 3108 tuti
334 3081 386 3108 cum
400 3080 449 3108 esse
459 3066 530 3110 vellet
540 3082 615 3110 non...
628 3067 745 3111 deterreri
756 3082 798 3126 po-

253 3156 263 3177 «
278 3135 323 3180 tuit
337 3151 383 3195 quo
399 3136 474 3181 niiuus
491 3137 610 3181 inusitatis
627 3137 703 3182 verbis
720 3147 798 3182 utere-

253 3227 263 3248 «
281 3217 368 3251 tur.....
385 3206 424 3251 ille
437 3205 558 3252 familiaris
571 3224 637 3253 meus
648 3218 713 3253 recte
733 3209 797 3270 loqui

253 3299 264 3319 ιι
278 3279 378 3338 putabat
393 3295 443 3323 esse
458 3279 568 3324 inusitate
583 3279 657 3340 loqui.
674 3299 685 3320 ιι
705 3280 723 3324 ll
737 3280 798 3325 avait

253 3351 273 3394 la
298 3349 375 3393 mame
392 3350 421 3394 de
441 3350 597 3406 l'arehai'smc,
618 3361 642 3395 et
658 3354 750 3397 Varrou
770 3368 799 3396 cn

252 3421 298 3465 cite
313 3437 344 3465 im
359 3421 415 3465 trait
426 3421 527 3481 plaisunt
542 3421 616 3484 (Varr.
632 3438 670 3482 ap.
686 3423 747 3469 Gell.
765 3426 797 3479 ll,

252 3499 291 3548 25,
303 3491 326 3556 9)
341 3508 346 3536 :
361 3493 418 3537 dans
436 3494 469 3538 les
484 3493 653 3539 ‹li-libimtions
673 3511 702 3538 au
723 3493 798 3547 sinat,

253 3580 281 3609 au
294 3563 341 3610 lieu
354 3564 383 3610 de
396 3565 447 3610 dire
459 3582 551 3611 comme
566 3582 601 3612 ses
616 3565 745 3627 coll'egues,
763 3581 799 3610 os·

252 3636 349 3693 sentior,
367 3637 382 3682 il
405 3638 538 3684 s'obstinait
555 3641 567 3682 i1
585 3639 635 3684 dire
648 3637 757 3683 assentio.

284 3715 347 3754 9-49.
366 3709 492 3766 Varronis,
503 3710 653 3756 e’est-is·«lire
666 3713 699 3755 M.
712 3712 799 3756 Tereu-

252 3782 298 3825 tius
310 3783 411 3837 Varron,
426 3781 456 3826 ni·
471 3799 500 3827 en
513 3790 566 3839 446,
576 3794 638 3828 mort
648 3799 678 3828 en
688 3788 717 3827 27
731 3792 798 3827 avant

252 3855 263 3896 J
268 3855 328 3905 .·C.‚
343 3853 388 3898 ami
410 3864 434 3898 et
450 3855 629 3915 contemporuin
646 3856 676 3900 dc
690 3853 797 3900 Ciciron.

252 3925 331 3970 Parmi
345 3926 379 3969 les
393 3927 524 3971 nouibrcux
537 3943 649 3987 otivrages
664 3928 694 3971 du
706 3926 799 3972 ctttbre

252 3996 411 4056 polygrapho,
425 3998 459 4042 les
476 3998 537 4042 seuls
550 3999 663 4061 atixqucls
675 4015 706 4042 on
721 3999 799 4059 puisse

253 4080 340 4123 penset·
352 4067 389 4120 ici,
412 4085 482 4127 parce
501 4070 569 4128 qu'ils
584 4070 697 4115 touchent
712 4069 725 4114 it
738 4069 801 4113 l’his·

253 4135 416 4191 toire,cesont
424 4140 458 4183 les
469 4146 493 4183 tt
506 4140 575 4185 livres
586 4140 755 4202 d'Antiqnitc‘s,
765 4140 798 4185 les

254 4213 266 4250 3
280 4205 349 4251 livres
366 4209 497 4254 ‹l’Anrmles
508 4221 532 4254 et
549 4212 605 4255 test
621 4212 690 4256 livres
704 4213 732 4256 de
741 4215 766 4259 V
767 4211 800 4255 itu

248 4276 334 4339 poprdr'
347 4279 455 4335 Rotnani,
472 4281 603 4337 Quintilien
620 4298 631 4325 a
654 4283 689 4327 dit
706 4284 735 4327 de
757 4282 798 4338 lui,

253 4351 282 4404 X,
300 4355 321 4403 4,
337 4355 365 4394 95
387 4367 392 4396 :
413 4351 564 4396 «Terentius
584 4355 686 4398 Varro...
701 4353 800 4413 peritis-

254 4441 265 4461 ιι
279 4420 350 4465 simus
360 4422 443 4483 linguae
454 4422 559 4466 latinae...
568 4424 620 4482 plus
632 4433 712 4468 tamen
725 4425 800 4469 scien·

255 4511 265 4532 n
283 4492 320 4538 tite
332 4494 459 4538 collaturus
475 4509 546 4554 quam
559 4495 708 4555 eloquentiae,
728 4515 739 4536 ιι
754 4499 800 4542 Pur

253 4580 295 4608 sou
307 4567 367 4625 style
384 4566 400 4611 il
419 4582 443 4611 se
460 4565 565 4610 rattaelie
578 4567 656 4625 platin
674 4583 718 4611 uiix
736 4566 798 4612 ecri-

253 4636 315 4679 vains
329 4638 358 4681 ‹le
372 4639 393 4682 la
414 4636 512 4697 ptiiiode
528 4638 654 4698 arclm'ique
670 4639 723 4701 qu'ii
740 4654 798 4685 ceux

253 4706 282 4751 de
292 4707 404 4770 l'ipoque
417 4710 541 4772 classique.

885 2714 923 2753 49.
942 2706 1131 2764 Commentarios,
1149 2709 1230 2753 c.-t-d.
1245 2709 1278 2753 les
1293 2709 1398 2755 discours

852 2777 996 2825 ecrits.Dans
1002 2781 1036 2824 les
1045 2778 1158 2824 ecrivsins
1164 2778 1399 2844 spieiuux(cf.Quint.

852 2853 881 2905 X,
893 2856 915 2907 7,
929 2848 977 2913 39),
991 2852 1013 2896 le
1025 2861 1076 2897 mot
1088 2850 1248 2896 eonsrnentarit'
1259 2850 1349 2912 signifie
1357 2853 1370 2895 is
1379 2853 1400 2897 la

853 2918 896 2965 lois
906 2941 917 2962 ιι
927 2933 994 2967 notes
1004 2923 1080 2982 prises
1087 2939 1148 2983 pour
1156 2939 1186 2967 un
1192 2922 1305 2978 discours,
1314 2922 1402 2968 brouil-

852 2993 892 3036 lon
908 2994 963 3038 d’un
981 2994 1100 3050 discours,
1114 3013 1124 3035 ιι
1143 3005 1167 3039 et
1185 2995 1314 3040 «discours
1332 2993 1399 3052 ecrit,

853 3063 944 3109 destini¹
956 3066 967 3108 a
982 3065 1004 3108 ln
1016 3065 1131 3125 publicitt'r
1146 3084 1167 3110 ιι.
1182 3069 1227 3111 Par
1237 3065 1358 3111 extension
1369 3082 1401 3112 on

853 3136 928 3179 «lenna
938 3137 960 3180 le
969 3135 1045 3180 meme
1052 3152 1108 3181 nem
1115 3153 1158 3182 aux
1166 3136 1334 3184 diclamstions
1344 3154 1400 3198 pro-

856 3205 940 3266 posies
954 3223 1046 3253 comme
1061 3209 1166 3254 mod'eles
1184 3225 1228 3270 par
1245 3210 1278 3254 les
1294 3208 1401 3255 rlieteurs

856 3278 868 3318 ii
885 3277 947 3321 leurs
963 3277 1039 3324 eleves
1052 3279 1184 3338 etpubliees
1198 3296 1242 3340 par
1259 3297 1310 3326 eux.

886 3356 893 3393 4
904 3355 922 3392 Ι.
937 3349 1012 3394 Calvi.
1023 3349 1059 3396 Cf.
1073 3352 1110 3396 ch.
1124 3357 1217 3408 xv11,4.
1229 3377 1260 3387 -
1268 3356 1329 3413 Quos
1338 3369 1400 3398 more

851 3418 957 3480 prisco...
975 3421 1010 3466 Cf.
1033 3423 1083 3468 Cic.
1099 3425 1166 3468 Brnt.
1188 3429 1227 3480 st,
1245 3429 1290 3468 289
1308 3440 1342 3468 e«
1368 3427 1399 3469 At

854 3510 865 3532 ιι
880 3507 933 3535 cum
946 3491 984 3536 isti
999 3493 1072 3538 Attici
1087 3492 1176 3549 dieunt,
1191 3509 1239 3538 uon
1251 3495 1346 3540 modoa
1362 3510 1399 3539 co-

856 3581 867 3603 «
881 3578 947 3619 roua,
968 3565 1033 3624 quod
1049 3574 1085 3609 est
1103 3564 1181 3625 ipsum
1198 3566 1342 3623 miserabile,
1357 3567 1399 3611 sed

855 3653 866 3674 ιι
881 3635 953 3679 etiam
966 3636 995 3679 ab
1009 3636 1126 3681 advocatis
1142 3636 1313 3698 relinquuntur.
1329 3657 1340 3679 ιι

887 3706 1131 3753 insinuassent
1151 3708 1260 3770 employe
1282 3708 1400 3771 irouique·

854 3787 919 3821 ment
932 3776 970 3837 (el¹
979 3778 1016 3823 ch.
1031 3794 1122 3835 xxxix,
1136 3781 1168 3843 t).

888 3854 924 3894 rt.
944 3852 995 3897 Non
1003 3850 1133 3912 firmitate.
1154 3873 1165 3895 ιι
1184 3855 1273 3899 Falsum
1292 3853 1398 3899 sanitatis

855 3941 866 3962 «
882 3920 985 3981 speciem
1005 3939 1051 3968 non
1068 3924 1173 3985 corporis
1193 3927 1278 3971 robore
1296 3941 1399 3987 veraque

855 4013 866 4034 ιι
880 3994 1013 4038 valetudine
1022 3992 1047 4058 (ι’.
1058 4011 1079 4041 e.
1092 4013 1146 4042 vera
1156 3997 1298 4059 eloquentiae
1307 3995 1347 4060 vi),
1358 3998 1398 4042 sed
1435 4009 1437 4014 ·

856 4083 866 4104 ιι
877 4065 967 4123 jejunio
978 4064 1003 4129 (i.
1019 4084 1038 4111 e.
1055 4067 1126 4113 aridis
1139 4070 1285 4115 orationibus
1300 4080 1325 4114 et
1344 4068 1398 4113 ino·

856 4156 866 4176 ιι
880 4136 918 4195 pia
936 4136 1031 4203 pressis)
1044 4152 1220 4202 consequuntur
1231 4161 1241 4183 ιι
1260 4138 1397 4203 [Walther].

888 4215 924 4253 it.
943 4212 1024 4266 Porro,
1045 4211 1076 4256 ef.
1093 4213 1130 4258 eh.
1153 4229 1178 4269 v,
1199 4220 1221 4270 7,
1244 4214 1275 4258 01¹1
1296 4214 1317 4258 ln
1341 4228 1399 4256 cou-

855 4281 970 4325 struction
982 4293 1018 4327 est
1030 4283 1137 4330 lumime
1149 4285 1229 4345 qu'ici.

887 4359 924 4397 46,
942 4352 1025 4398 Animi
1043 4354 1168 4400 «rrxr'ctate.
1190 4357 1336 4402 Semblables
1355 4371 1399 4400 aris

854 4440 911 4484 gens
933 4426 962 4469 de
982 4425 1134 4471 constitution
1150 4425 1251 4472 dilicate
1266 4427 1306 4489 qui
1323 4439 1399 4473 trem-

855 4496 920 4543 blcnt
929 4514 980 4543 sans
988 4513 1051 4543 cesse
1059 4497 1089 4542 de
1097 4510 1237 4545 commettre
1246 4502 1349 4561 quelque
1357 4499 1401 4544 im-

855 4570 973 4628 prudence
988 4586 1018 4614 ou
1032 4569 1134 4629 quelque
1150 4570 1227 4628 exc'es,
1247 4574 1281 4618 les
1294 4572 1400 4618 admira-

856 4649 919 4684 tcurs
933 4641 974 4684 des
987 4639 1079 4684 ancisus
1089 4650 1131 4686 ont
1144 4642 1251 4700 toujours
1262 4661 1323 4705 pcur
1332 4645 1362 4690 de
1375 4659 1399 4688 se

855 4712 950 4772 pertire,
961 4711 1009 4758 s'ils
1019 4710 1143 4758 s'ircartent
1161 4713 1190 4758 de
1206 4716 1268 4762 leurs
1283 4716 1398 4763 modeles.
