3196 5256
601 439 947 497 INTRODUCTION.

1266 460 1340 496 XXIX

197 597 352 662 ouvrages
363 597 404 636 ne
418 589 491 637 sont
504 596 570 662 pas,
587 596 669 661 pour
681 571 713 635 le
729 570 823 659 style,
843 572 908 634 tres
920 568 1089 634 differents
1103 569 1145 634 du
1161 572 1337 652 troisierne3

197 690 276 752 mais
296 688 320 752 il
337 688 427 754 suffit
447 692 556 752 amon
573 687 702 752 dessein
721 686 761 751 de
780 701 923 749 montrer
944 709 1021 773 que,
1044 685 1165 774 malgre
1185 685 1216 748 la
1231 685 1338 750 diver-

194 807 255 869 site
279 804 335 868 des
356 807 467 893 sujets‚
492 804 614 893 malgre
640 803 670 866 la
696 801 959 866 transformation
982 801 1140 889 profonde
1163 800 1206 865 du
1221 825 1337 879 vcarac-

196 922 263 984 tere
287 919 328 984 de
347 921 459 984 Tacite
486 936 577 984 entre
598 919 630 983 le
654 919 816 1006 Dialogue
841 933 873 981 et
896 917 1090 1005 l'Agrieola,
1116 917 1181 1006 ily
1208 942 1225 981 a
1248 934 1338 982 entre
1396 924 1397 928 ’

197 1061 259 1100 eux
273 1037 350 1101 bien
368 1035 425 1100 des
440 1036 548 1126 points
566 1034 768 1099 communs¹.

240 1154 275 1216 Je
289 1177 330 1216 ne
347 1152 428 1216 dirui
441 1153 511 1215 rien
527 1151 584 1215 des
600 1150 822 1241 synonymes²,
843 1149 922 1213 bien
934 1173 997 1240 que
1013 1148 1159 1238 l'emploi
1172 1147 1271 1239 qu’en
1284 1150 1342 1214 fait

196 1267 335 1332 l'auteur
362 1268 403 1332 de
433 1268 628 1356 l'Agrieolu,
661 1290 719 1355 par
746 1265 906 1354 example,
945 1267 1082 1355 suggere
1105 1266 1274 1355 beaucoup
1301 1265 1343 1331 de

197 1384 484 1474 rapprochements
502 1406 579 1447 avec
595 1382 627 1446 la
647 1383 789 1446 muniere
807 1381 888 1446 dont
909 1405 950 1445 en
967 1405 1024 1445 use
1042 1379 1180 1446 l'auteur
1201 1381 1244 1447 dn
1261 1384 1340 1448 Dia-

197 1501 302 1589 116111.
326 1500 409 1565 Mais
423 1500 447 1565 il
462 1524 515 1590 ya
538 1502 704 1590 peut-atre
724 1524 768 1563 un
791 1496 941 1563 meilleur
957 1499 1039 1587 parti
1059 1502 1076 1562 a
1097 1499 1174 1562 tirer
1195 1497 1236 1562 de
1256 1499 1341 1563 deux

196 1633 303 1681 autres
318 1617 475 1706 procedes
491 1616 531 1680 de
549 1616 644 1705 style.
664 1617 709 1679 Le
724 1617 866 1704 premier
887 1615 1026 1678 consiste
1045 1617 1063 1678 a
1087 1638 1227 1704 opposer
1250 1631 1341 1679 entre

198 1757 270 1814 eux,
289 1732 368 1798 dans
393 1732 478 1797 deux
503 1732 666 1796 membres
690 1731 730 1795 de
748 1731 863 1820 phrase
886 1729 1065 1807 differents,
1093 1729 1179 1794 deux
1203 1755 1342 1822 groupes

198 1843 436 1937 d'expressions
462 1873 671 1938 synonymes.
695 1849 747 1911 011
767 1872 805 1911 va
819 1850 914 1935 juger
930 1848 956 1910 si
974 1871 1028 1911 sur
1050 1871 1086 1910 ce
1111 1847 1203 1934 point
1222 1847 1253 1910 la
1278 1871 1342 1911 res·

200 1965 385 2030 semblance
403 1966 487 2031 n'est
503 1969 595 2056 point
610 1967 778 2055 frappante
798 1980 888 2027 entre
908 1963 939 2027 le
960 1964 1123 2053 Dialogue
1138 1962 1235 2028 d'une
1255 1981 1339 2054 part,

198 2080 383 2173 l’Agricola
402 2099 435 2147 et
448 2083 479 2147 la
498 2085 672 2149 Germanic
687 2082 727 2146 de
746 2081 872 2146 l'autre.

232 2252 303 2304 Dial.
317 2253 354 2317 II,
373 2255 414 2315 12,
434 2253 547 2323 ingenio
563 2252 657 2322 potius
673 2265 701 2304 ct
715 2251 743 2302 vi
832 2250 961 2320 Agricola,
979 2254 1004 2314 3,
1021 2267 1077 2301 non
1106 2269 1184 2320 spem
1206 2250 1292 2303 modo
1314 2269 1345 2305 ac

198 2345 302 2384 naturae
322 2351 405 2404 quam
422 2333 597 2386 institutione
618 2346 645 2384 et
666 2333 742 2386 litte·
798 2343 926 2382 votum...
951 2330 999 2382 sed
1024 2330 1110 2400 ipsius
1133 2331 1193 2383 voti
1215 2331 1345 2384 fiduciam

198 2430 268 2464 ris...

233 2522 270 2531 -
305 2493 410 2556 XXIV,
423 2498 448 2555 lr,
460 2511 517 2545 non
531 2493 620 2544 solum
633 2491 744 2560 ingenio

201 2588 231 2622 ac
246 2571 355 2640 spiritu,
373 2572 422 2623 sed
443 2572 527 2623 etiam
544 2571 701 2622 eruditione
720 2583 748 2622 et

201 2662 294 2702 arte...

236 2842 273 2850 -
308 2811 441 2876 XXXIII,
456 2814 498 2876 11,
510 2830 602 2882 neque
615 2810 688 2862 enim
701 2829 747 2862 so-

201 2894 258 2944 lum
273 2905 330 2943 arte
346 2905 374 2944 et
389 2892 512 2958 scientia,
528 2893 576 2944 sed
590 2893 672 2962 longe
688 2911 747 2942 ma-

200 2972 240 3042 gis
255 2972 384 3024 facultate
400 2986 428 3025 et
441 2991 526 3027 usu...

235 3083 272 3092 -
306 3052 453 3118 XXXVII,
485 3057 527 3119 10,
557 3071 614 3105 non
643 3052 747 3104 viribus

201 3133 287 3185 modo
300 3147 329 3184 et
341 3133 432 3199 armis,
445 3135 492 3186 scd
506 3133 619 3204 ingenio
633 3151 758 3208 quoque¹

201 3226 230 3266 et
246 3213 408 3267 oratione...

237 3323 271 3333 -
307 3294 385 3358 XIX,
398 3297 442 3357 11,
452 3293 478 3345 vi
494 3307 522 3347 et
536 3307 674 3364 potestate
690 3313 746 3346 non

200 3375 261 3444 jure
278 3387 305 3426 et
317 3373 456 3442 legibus...

237 3484 273 3495 -
307 3453 441 3517 XXVIII,
454 3457 497 3517 21,
507 3473 564 3506 non
580 3454 671 3506 studia
685 3472 746 3505 mo-

203 3535 240 3586 do
256 3552 400 3605 curasque,
410 3533 458 3585 sed
474 3534 649 3586 remissiones
665 3533 748 3586 etiam

203 3615 364 3687 lususque...

799 2429 829 2461 ac
843 2411 937 2462 robur.

834 2519 870 2529 -
906 2495 932 2554 1,
945 2490 1061 2542 sublime
1084 2505 1112 2543 et
1131 2505 1253 2545 erectum
1270 2493 1345 2563 inge-

801 2569 877 2620 nium
907 2569 1144 2639 pulchritudinem
1168 2589 1198 2623 ac
1224 2573 1345 2642 speciem
1377 2628 1380 2633 ,

801 2667 905 2718 magnae
916 2651 1085 2721 excelsaeque
1096 2652 1189 2722 gloriae
1198 2653 1345 2706 vehemen-

801 2728 855 2780 tius
870 2747 952 2799 quam
969 2730 1074 2782 cautius
1088 2734 1248 2802 appetebat.

836 2838 871 2847 —
908 2812 951 2874 31,
968 2811 1042 2861 hona
1061 2811 1234 2883 fortunaeque
1252 2813 1280 2864 in
1300 2813 1346 2866 tri-

800 2890 908 2954 butum,
930 2908 994 2959 ager
1013 2903 1041 2943 et
1062 2910 1149 2943 annus
1173 2893 1200 2943 in
1223 2893 1346 2946 frumen-

800 2982 892 3022 tum...

835 3080 872 3089 -
906 3053 951 3114 33,
979 3070 1035 3104 non
1062 3054 1135 3106 fama
1162 3073 1211 3107 nec
1237 3075 1348 3109 rumore

801 3131 848 3182 sed
863 3131 957 3183 castris
971 3145 999 3184 et
1009 3134 1090 3185 armis
1103 3147 1263 3189 tenemus...

838 3297 920 3344 Germ.
936 3296 980 3357 25,
994 3313 1052 3347 non
1065 3297 1210 3367 disciplina
1225 3311 1253 3351 et
1267 3317 1346 3351 seve-

801 3372 881 3424 ritate
901 3374 948 3425 sed
964 3375 1071 3445 impetu
1087 3391 1115 3429 et
1126 3378 1176 3431 ira.

835 3483 872 3492 -
908 3458 950 3517 27,
963 3455 1084 3509 lumenta
1102 3471 1130 3511 et
1144 3459 1267 3511 lacrimas
1278 3458 1344 3522 cit0,

802 3533 929 3586 dolorem
942 3549 970 3587 et
981 3536 1120 3589 tristitiam
1132 3539 1211 3591 tarde
1226 3552 1345 3608 ponunt.

835 3644 872 3652 -
908 3618 951 3680 41,
969 3634 1031 3668 cum
1046 3619 1144 3669 ceteris
1158 3619 1286 3688 gentibus
1301 3638 1345 3670 ar-

802 3713 845 3746 ma
867 3695 952 3747 modo
971 3710 1114 3768 castraque
1136 3712 1230 3749 nostra
1251 3711 1347 3750 osten-

736 3808 738 3810 -
802 3775 909 3838 damus,
931 3775 973 3827 his
994 3777 1093 3829 domos
1115 3778 1248 3849 villasque
1268 3790 1347 3848 pate-

802 3853 927 3907 fecimus.

247 3997 292 4059 Le
316 3995 437 4060 second
452 3995 591 4085 procede
607 3998 747 4061 consiste
762 4001 780 4061 a
795 3995 994 4088 de'velopper
1008 4025 1072 4064 une
1094 4001 1168 4066 idee
1186 4000 1266 4066 dans
1284 4027 1348 4067 une

204 4115 390 4204 expression
413 4118 431 4177 1
453 4113 538 4177 deux
555 4137 597 4177 ou
618 4114 729 4178 atrois
749 4115 924 4180 membres.
943 4118 1023 4182 Tres
1039 4119 1191 4209 employe
1214 4119 1294 4185 dans
1317 4120 1348 4184 le

238 4283 257 4322 t.
275 4279 339 4322 Dans
352 4292 383 4320 un
394 4277 435 4321 des
449 4290 561 4336 ouvrages
573 4291 618 4335 que
631 4273 674 4335 j'ai
690 4273 748 4320 cites

203 4365 234 4393 cn
242 4358 415 4408 commoneant,
422 4350 455 4392 M.
466 4347 605 4392 Weinkauff
610 4362 622 4390 1
632 4345 675 4391 fait
685 4357 748 4391 cette

156 4427 159 4434 “
204 4418 391 4464 demonstration
406 4434 461 4463 aveo
478 4433 523 4463 nne
542 4418 599 4462 telle
614 4419 748 4463 abondance

204 4491 234 4536 de
248 4506 347 4550 preuves
359 4489 416 4550 qu’il
428 4489 493 4535 force
505 4489 636 4534 l'adhfesion
652 4491 694 4535 des
711 4506 747 4534 es-

204 4562 263 4621 prits
280 4561 314 4605 les
330 4561 382 4620 plus
401 4561 525 4621 privenus.
539 4565 565 4606 Ie
585 4577 622 4605 me
640 4561 748 4606 boruerai

204 4632 235 4678 ici
251 4634 263 4676 1
277 4631 413 4689 l’essentiel,
425 4649 454 4678 cn
466 4643 593 4692 renvoyant
604 4648 665 4693 pom
674 4633 695 4678 11
708 4633 749 4677 (11-

803 4275 867 4320 11111
885 4275 1002 4337 l'ouvrage
1020 4275 1096 4322 meme
1111 4277 1140 4322 de
1153 4280 1187 4323 M.
1204 4278 1347 4325 Weinkauff.

803 4351 829 4393 Je
844 4347 904 4392 crois
919 4347 979 4392 aussi
995 4348 1077 4392 devoir
1096 4349 1183 4394 avertir
1199 4366 1245 4411 qne
1260 4350 1300 4410 j'ai
1320 4366 1349 4396 eu

803 4435 856 4463 sous
874 4420 906 4463 les
923 4435 985 4480 yeux
1000 4418 1229 4465 l'excellentrisume
1248 4421 1291 4465 fait
1304 4435 1349 4481 par

802 4493 837 4536 M.
851 4494 935 4536 Jansen
950 4492 980 4536 de
996 4500 1062 4535 toute
1077 4490 1098 4534 11
1111 4491 1229 4551 question.

834 4569 856 4605 2.
876 4564 954 4621 Voyez
983 4563 1040 4606 dous
1065 4561 1217 4616 1111111111,
1240 4579 1276 4623 op.
1305 4561 1346 4607 cit.

803 4635 873 4679 dero
887 4635 950 4679 148.
