3196 5256
260 481 297 536 62
640 477 847 533 CORNELII
879 476 1023 532 TAClTl

262 611 354 681 circa
378 609 575 682 educandos
605 608 872 703 formandosque
899 608 1026 678 liberos
1055 633 1163 702 pauca
1196 609 1406 704 praedixero.

262 731 351 799 Nam
366 727 501 823 pridem
521 752 601 797 suus
618 726 743 821 cuique
759 725 859 812 filius,
880 751 921 795 ex
938 739 1029 794 casta
1048 739 1190 820 parente
1205 741 1316 813 natus,
1335 752 1408 796 non

209 855 241 908 15
262 843 298 912 in
318 845 403 914 cella
421 858 543 939 emptae
564 843 720 930 nutriciS,
742 843 802 913 sed
822 842 954 938 gremio
976 868 1015 911 ac
1039 841 1115 910 sinu
1136 841 1254 913 matris
1277 842 1408 913 educa·

261 960 373 1048 batur,
400 963 496 1055 cujus
517 943 693 1057 praecipua
717 963 789 1029 laus
814 974 887 1029 erat
907 959 997 1029 tueri
1016 958 1158 1028 domum
1183 973 1217 1029 et
1239 959 1408 1031 inservire

261 1077 389 1149 liberis.
420 1079 621 1175 Eligebatur
645 1092 758 1147 autem
792 1077 901 1170 major
934 1076 1048 1171 aliqua
1080 1090 1162 1145 natu
1195 1077 1403 1172 propinqua,

261 1196 358 1289 eujus
377 1195 530 1290 probatis
550 1195 779 1291 spectatisque
794 1194 948 1263 moribus
968 1193 1087 1263 omnis·
1096 1193 1250 1287 ejusdem
1270 1192 1407 1263 familiae

262 1317 396 1387 soboles
425 1316 716 1404 committeretur3
740 1341 856 1386 coram
881 1341 948 1410 qua
976 1340 1090 1410 neque
1115 1313 1232 1385 dicere
1256 1314 1306 1384 fas
1334 1329 1409 1386 erat

207 1457 241 1509 20
262 1434 356 1529 quod
375 1449 477 1529 turpe
493 1433 600 1520 dictu,
619 1457 733 1528 neque
752 1432 868 1503 facere
888 1432 981 1527 quod
1001 1431 1222 1502 inhonestum
1240 1431 1333 1502 factu
1352 1431 1408 1501 vi-

262 1549 415 1623 deretur.
448 1553 497 1620 Ac
523 1575 594 1619 non
623 1550 734 1620 studia
754 1549 859 1619 modo
886 1574 1067 1644 curasque,
1102 1548 1162 1619 sed
1189 1547 1408 1621 remissiones

263 1668 365 1740 etiam
380 1668 542 1764 lususque
563 1693 752 1764 puerorum
771 1667 948 1737 sanctitate
970 1665 1117 1761 quadam
1139 1692 1178 1736 ae
1197 1664 1409 1737 verecundia

262 1787 486 1884 temperabat.
512 1785 568 1855 Sic
584 1786 782 1856 Corneliam
797 1784 1050 1870 Gracchorum,
1074 1783 1122 1853 sic
1140 1784 1315 1854 Aureliam
1333 1785 1407 1852 Cae·

263 1899 357 1986 saris,
382 1898 430 1969 sic
454 1897 565 1968 Atiam
588 1899 733 1995 Augusti
759 1897 936 1994 praefuisse
963 1896 1224 1968 educationibus
1252 1923 1291 1966 ac
1322 1921 1408 1992 pro·

208 2037 241 2089 25
262 2015 397 2086 duxisse
413 2014 586 2110 principes
607 2016 733 2085 liberos
753 2015 960 2112 accepimus.
988 2018 1074 2105 Quae
1094 2013 1274 2110 disciplina
1294 2039 1333 2083 ac
1350 2039 1408 2085 se-

293 2301 444 2348 visitans.
457 2323 489 2335 ·—
504 2305 541 2345 rt.
558 2300 617 2346 Nam
634 2297 802 2346 Weissenborn
817 2317 824 2343 .-
843 2299 892 2358 jam
911 2313 965 2342 mss.
980 2323 1011 2333 -
1024 2305 1060 2343 45.
1077 2297 1136 2343 cella
1151 2297 1294 2345 Puteolanus
1305 2296 1407 2344 :cellam

261 2388 316 2422 mss.
331 2398 364 2407 -
379 2378 415 2417 tt).
435 2372 515 2418 dicere
537 2375 557 2417 0
572 2393 579 2417 :
595 2371 685 2417 discere
702 2373 787 2419 Vtar.
808 2395 839 2404 -

859 2376 896 2415 24.
918 2369 997 2415 Atiam
1011 2369 1109 2415 Ernesti
1120 2388 1127 2413 :
1142 2370 1236 2416 deciam
1250 2386 1304 2415 nrss.

292 2445 341 2491 Ne.
354 2445 463 2490 XXVllI.
479 2450 515 2488 44.
537 2445 597 2490 Num
611 2455 647 2489 est
668 2460 713 2489 une
729 2444 844 2488 heureuse
867 2441 998 2488 correction
1017 2458 1046 2486 au
1065 2441 1112 2486 lieu
1127 2442 1156 2487 de
1168 2438 1232 2504 jaira,
1253 2441 1303 2502 qui,
1318 2442 1408 2503 jointh

259 2516 361 2579 pridem,
372 2532 401 2562 ne
410 2517 487 2561 donne
499 2514 528 2560 iei
541 2532 616 2561 aucun
628 2531 688 2561 sens.

263 2775 274 2796 u
293 2752 385 2814 spatiu3
402 2773 412 2794 n
430 2752 461 2798 ib.
480 2759 506 2797 ta
525 2768 531 2797 t
548 2773 559 2794 a
586 2749 765 2796 Probationibus
782 2760 805 2795 ct

263 2846 274 2868 a
293 2825 403 2881 testibus,
421 2844 432 2865 n
453 2835 499 2869 ete.

294 2905 331 2942 43.
348 2896 417 2944 Circa
431 2896 592 2941 educandos...
608 2895 700 2941 liberos.
714 2893 750 2940 Cf.
767 2894 803 2938 eh.

262 2985 300 3025 111,
317 2976 354 3014 48.

294 3045 331 3083 ll.
356 3037 460 3097 Pnilenr,
492 3037 612 3084 autrefois.
651 3035 686 3083 Cf.
721 3036 804 3082 lustin.

262 3112 346 3166 XXXl,
366 3117 398 3155 3:
417 3129 427 3150 ι(
450 3111 480 3154 Et
502 3109 596 3154 ltaliam
627 3108 743 3153 notiorem
762 3107 807 3152 sibi

262 3198 322 3228 nune
337 3197 410 3242 quum
424 3181 527 3241 pridem.
543 3199 554 3221 n

293 3261 330 3299 45.
347 3250 438 3298 Gremio
452 3268 480 3296 ae
494 3257 548 3296 siun
561 3250 691 3307 ›naniaet
705 3253 765 3311 Agr.
779 3257 804 3295 5:

263 3327 368 3371 «Mater
386 3324 446 3369 tutia
465 3323 565 3368 Procilla
584 3322 637 3380 fuir,
658 3339 714 3367 rarae
734 3323 805 3367 casti-

262 3417 273 3438 «
293 3394 348 3440 tatis
369 3411 374 3439 τ
397 3396 421 3441 iu
449 3395 519 3454 hujus
542 3395 593 3439 sinu
612 3394 806 3456 indulgentiaque

263 3488 273 3509 a
293 3467 405 3512 educatus
419 3481 463 3527 per
482 3482 577 3512 omnem
596 3466 747 3511 honestarum
767 3482 806 3509 ar-

262 3560 273 3581 «
292 3540 350 3585 tium
365 3540 455 3584 cultum
468 3539 596 3600 pueritiam
611 3537 805 3584 adolescentiam·

263 3625 338 3674 aque
364 3611 516 3673 transegit.»
545 3614 620 3657 Germ.
642 3616 694 3656 20:
723 3630 734 3651 a
761 3613 806 3655 Sua

262 3704 273 3725 a
294 3698 412 3746 quemque
425 3694 499 3728 nruter
514 3683 624 3729 uberibus
634 3683 693 3740 alit;
711 3698 754 3727 uec
765 3697 807 3725 uu-

263 3776 273 3797 «
292 3752 356 3800 eillis
371 3766 411 3801 aut
432 3755 561 3801 nutricibus
584 3755 732 3817 delegantur.
751 3773 761 3794 n
776 3779 808 3789 -

168 3879 169 3882 Ἴ
262 3828 339 3874 Surla
356 3829 506 3887 suppression
520 3829 549 3872 de
565 3829 585 3872 la
601 3825 750 3888 prepositiun
765 3827 806 3869 tlo-

261 3910 315 3945 vaut
320 3899 419 3960 gremio,
427 3917 480 3960 roy.
490 3902 512 3945 le
527 3914 624 3959 passage
635 3899 734 3953 suivant,
743 3897 805 3942 Hire.

262 3971 300 4026 l,l
310 3986 315 4015 2
325 3992 335 4013 a
343 3974 395 4016 Non
407 3973 477 4016 modo
492 3969 517 4015 in
529 3972 586 4015 urbe
600 3968 663 4030 apud
669 3979 757 4028 -patres
769 3981 809 4015 aut

262 4060 273 4082 a
292 4043 407 4101 populum
435 4055 475 4089 aut
504 4043 619 4087 urbanum
642 4041 752 4097 militem,
768 4041 808 4085 sed

263 4132 273 4152 a
292 4127 373 4157 omnes
387 4114 490 4173 legiones
504 4115 630 4175 ducesque.
649 4130 659 4154 u

294 4189 302 4226 4
309 4190 331 4226 t).
346 4186 427 4228 Corum
440 4201 486 4246 qun
498 4181 534 4229 u'a
545 4202 587 4246 pas
599 4200 660 4245 pour
669 4181 809 4229 anthei-deut

262 4253 358 4298 soboles.
381 4253 443 4299 'fout
462 4254 558 4316 indique
579 4273 606 4300 au
621 4257 739 4301 contraire
752 4272 807 4316 que,

262 4341 354 4370 comme
367 4323 443 4387 eujus,
457 4328 543 4387 auquel
556 4327 572 4371 il
587 4325 684 4387 tipuutl,
693 4328 715 4372 lc
731 4326 812 4371 relutif

261 4412 329 4460 qnua
344 4413 405 4458 pour
422 4398 561 4443 autdeiulent
573 4399 714 4460 propinqua.

294 4477 331 4515 ll.
348 4469 573 4531 Studia-curasque.
591 4473 665 4515 t'uras
685 4479 720 4513 est
736 4466 809 4527 expll-

263 4541 309 4604 an'r
317 4559 361 4604 par
370 4542 449 4588 studia
457 4540 514 4588 dont
523 4541 539 4587 il
549 4543 603 4588 esth
614 4558 661 4602 peu
674 4540 728 4601 pris
735 4555 805 4599 syna·

891 2756 929 2794 23.
948 2751 1108 2811 Ternperubut.
1119 2751 1151 2795 Ce
1160 2749 1230 2794 verbe
1240 2749 1275 2794 n'a
1287 2750 1339 2810 plus
1347 2766 1409 2811 pour

860 2822 921 2880 sujet
928 2820 1067 2883 propinqua.
1084 2824 1115 2866 La
1123 2823 1207 2881 phrase
1220 2821 1325 2867 suivante
1342 2838 1408 2867 mon-

860 2901 895 2937 trc
904 2891 1062 2937 evidemment
1070 2892 1126 2953 qu’il
1138 2892 1205 2954 s'agit
1216 2892 1246 2937 ici
1258 2893 1319 2938 dela
1331 2893 1405 2939 mirre.

860 2964 928 3008 Aussi
951 2966 1063 3024 quelques
1086 2963 1199 3025 critiques
1224 2964 1310 3009 ont-ils
1334 2967 1407 3010 vnulu

861 3037 939 3079 tantdt
955 3034 1083 3079 intercaler
1094 3035 1128 3079 los
1148 3036 1209 3080 deux
1222 3036 1319 3094 phrases
1339 3035 1407 3096 apres

861 3104 974 3150 inservire
985 3105 1076 3162 liberis,
1093 3109 1171 3152 tantbt
1186 3106 1340 3168 exprimerble
1355 3117 1406 3152 mot

860 3187 936 3222 uterer
947 3176 1003 3221 dans
1013 3178 1035 3221 la
1043 3178 1201 3238 proposition,
1209 3189 1274 3224 entre
1282 3195 1408 3240 puerorum

861 3259 885 3294 et
894 3249 1025 3294 sustentate.
1036 3252 1054 3295 ll
1062 3251 1122 3295 n'est
1131 3267 1173 3311 pas
1181 3251 1263 3297 besoin
1272 3251 1302 3296 de
1310 3251 1369 3298 faire
1377 3253 1407 3298 dc

861 3323 906 3367 tels
920 3322 1097 3383 ehangements,
1117 3323 1136 3367 si
1157 3324 1205 3368 l'on
1219 3340 1290 3384 songe
1309 3323 1407 3369 d’abord

861 3410 907 3454 que
922 3394 979 3438 dans
997 3403 1049 3438 tout
1064 3395 1086 3439 le
1105 3410 1204 3457 passage
1219 3394 1235 3440 il
1251 3405 1285 3440 est
1297 3395 1407 3455 question

861 3474 890 3518 de
908 3473 1051 3520 Ptduearion
1067 3473 1158 3519 donnee
1177 3492 1220 3535 par
1240 3477 1262 3519 la
1286 3475 1360 3532 mere,
1384 3476 1406 3520 la

861 3556 959 3606 parente
978 3545 1044 3591 etant
1058 3546 1209 3606 simplement
1225 3545 1361 3592 considerde
1378 3563 1408 3592 en

861 3627 955 3677 pussant
966 3632 1057 3662 comme
1069 3633 1113 3662 une
1124 3617 1176 3662 aide
1187 3619 1300 3678 possible,
1309 3629 1334 3664 et
1345 3617 1407 3663 enlin

862 3705 907 3750 que
925 3689 954 3733 de
969 3689 1057 3748 pareils
1069 3689 1235 3752 changements
1250 3691 1280 3735 de
1297 3691 1359 3751 sujet
1376 3705 1406 3736 ne

862 3770 915 3805 sont
938 3776 980 3819 pas
1004 3776 1066 3804 rares
1081 3776 1111 3804 en
1131 3761 1198 3806 latin.
1214 3764 1277 3808 Nous
1294 3755 1322 3807 en
1337 3777 1407 3807 avons

862 3831 915 3890 ‹ttjt
931 3846 960 3875 eu
973 3831 995 3875 la
1010 3847 1106 3892 preure,
1118 3848 1146 3877 au
1158 3833 1195 3877 ch.
1207 3848 1244 3889 rx,
1255 3840 1294 3879 23.
1308 3859 1340 3869 -
1350 3835 1407 3879 Cor·

862 3901 958 3957 aelium,
971 3902 1001 3947 ef.
1021 3904 1161 3963 Plutarque,
1181 3905 1216 3949 Ti.
1235 3905 1361 3961 Gracchus,
1378 3911 1405 3960 {3

862 3973 921 4029 Ciu,
937 3976 1003 4019 Brut.
1022 3981 1060 4029 27,
1079 3981 1137 4031 {045
1161 3983 1200 4032 58,
1218 3976 1405 4033 2l13Quint.l,

864 4053 886 4100 t,
903 4055 924 4090 6.
944 4072 976 4080 -
994 4046 1127 4100 Aurelium,
1143 4045 1172 4091 ef.
1196 4053 1273 4103 sace,
1292 4051 1347 4094 Caes.
1362 4053 1405 4102 74;

863 4119 937 4172 Plus,
953 4121 1009 4162 Cas.
1029 4126 1059 4163 u:
1077 4139 1088 4160 a
1105 4116 1138 4165 ‘ll
1151 4117 1229 4182 μήτηρ
1244 4121 1288 4169 τοῦ
1304 4116 1405 4168 Καίσα-

865 4206 913 4253 ρος,
930 4182 1052 4253 Αὐρηλία,
1065 4187 1127 4253 γυνὴ
1144 4191 1258 4255 σώφρων.
1280 4191 1333 4236 Elle
1348 4189 1407 4234 ttait

863 4259 910 4303 fille
930 4260 960 4304 de
970 4262 1004 4306 Μ.
1014 4262 1121 4306 Aurelius
1136 4264 1214 4307 Cotta.

894 4337 932 4374 at.
950 4331 1040 4378 Atium.
1057 4334 1091 4380 Cf.
1104 4338 1180 4388 Suet,
1196 4337 1247 4379 Ort.
1265 4341 1292 4380 4:
1306 4334 1359 4380 Aria
1372 4335 1405 4378 M.

864 4401 918 4446 Atia
940 4404 1013 4448 balbo
1041 4415 1066 4449 et
1087 4404 1157 4459 lulla,
1181 4420 1261 4450 sorore
1283 4407 1309 4451 C.
1330 4407 1401 4452 cesa-

865 4472 904 4527 ris,
918 4475 996 4533 genita
1011 4486 1055 4519 cst.
1074 4496 1085 4516 n

895 4550 932 4588 25.
955 4545 1078 4605 Principes
1097 4545 1189 4601 liberos,
1204 4564 1224 4590 e.
1244 4549 1296 4592 h-d.
1311 4546 1406 4610 princi-

263 4629 346 4678 nyme3
360 4612 807 4678 ef.eh.111,tttils'agitdesdevoirs
859 4625 916 4674 pum
933 4614 1026 4672 liberos,
1050 4616 1080 4662 ef.
1095 4616 1156 4661 Plin.
1179 4619 1211 4662 Η.
1234 4620 1263 4664 N.
1282 4620 1347 4676 Vlll,
1367 4626 1406 4675 ³2,

263 4684 332 4733 ecrite
342 4689 383 4734 des
396 4688 495 4734 enfantri

864 4691 907 4729 tur
920 4700 925 4730 τ
940 4704 951 4727 a
968 4685 1089 4748 Principes
1103 4688 1195 4736 feminae
1212 4708 1233 4735 υ.

761 4902 891 4936 *2
