3196 5256
253 458 290 513 32
638 458 844 512 CORNELII
875 459 1018 513 TACI'I'I

232 617 234 622 ’
255 589 537 658 scholasticorum
562 604 596 659 ct
614 589 819 658 clamoribus
843 590 963 684 quatit,
990 617 1092 684 quam
1116 591 1198 662 Afer
1222 608 1280 661 aut
1303 593 1398 662 Afri-

255 731 359 774 canus
374 720 432 774 aut
448 731 508 775 vos
524 705 587 800 ipsi
605 732 624 774 a
639 706 808 777 Cicerone
826 721 885 775 aut
901 706 1018 774 Asinio
1036 706 1234 776 recessistis.
1259 737 1275 773 ιι

304 824 399 890 XVI.
432 851 447 887 a
476 824 650 916 Magnam,
677 821 789 916 inquit
810 821 1000 906 Secundus
1030 837 1064 891 et
1089 822 1227 917 dignam
1251 838 1397 893 tractatu

254 935 476 1030 ‹puaestionem
495 936 642 1005 movisti.
665 935 732 1005 Sed
755 930 830 1031 quis
853 963 927 1024 eam
947 936 1070 1030 justius
1096 937 1278 1031 explicabit
1295 965 1397 1033 quam

253 1066 302 1137 tu,
322 1052 364 1120 ad
382 1053 478 1146 cujus
496 1079 662 1121 summam
686 1052 916 1123 cruditionem
943 1068 978 1123 et
1002 1053 1317 1148 praestantissimum
1342 1055 1397 1124 in-

253 1167 393 1264 genium
409 1196 491 1239 cura
509 1196 647 1265 quoque
664 1184 698 1239 et
712 1169 889 1239 meditatio
906 1169 1072 1240 accessit?
1092 1199 1108 1236 ιι

216 1307 232 1358 5
300 1288 345 1355 Et
358 1287 536 1356 Messalla:
555 1315 571 1352 a
582 1286 755 1380 Aperiam,
771 1286 893 1380 inquit,
910 1287 1133 1382 cogitationes
1152 1314 1255 1374 meas,
1270 1288 1297 1357 si
1314 1287 1396 1357 illud

252 1403 383 1471 avobis
404 1417 483 1472 ante
511 1403 754 1497 impetravero,
785 1419 823 1471 ut
846 1430 906 1473 vos
928 1429 1067 1498 quoque
1087 1430 1280 1475 sermonem
1304 1405 1396 1474 hunc

252 1534 408 1586 nostrum
424 1517 602 1611 adjuvetis.
627 1546 643 1584 ιι

305 1664 321 1701 κ
342 1637 410 1703 Pro
428 1634 573 1720 duobus,
603 1633 714 1729 inquit
739 1637 928 1721 Maternus,
958 1636 1147 1731 promitto:
1175 1664 1254 1706 nam
1276 1654 1310 1708 et
1331 1665 1396 1734 ego

253 1766 287 1821 et
304 1750 482 1821 Secundus
500 1777 727 1846 exsequemur
751 1777 806 1821 eas
827 1768 953 1846 partes,
973 1778 1056 1846 quas
1078 1753 1345 1823 intellexerimus
1363 1770 1396 1823 tc

203 1892 232 1944 ιο
252 1893 322 1937 ιιοιι
341 1883 409 1937 tam
427 1867 579 1937 omisisse
605 1894 707 1962 quam
729 1867 827 1937 nohis
851 1868 1041 1963 reliquisse.
1071 1872 1202 1964 Aprum
1228 1870 1319 1940 enlm
1344 1897 1394 1939 so-

253 1985 324 2055 lere
347 1984 526 2054 dissentire
553 2000 587 2053 et
611 1999 649 2053 tu
667 1985 770 2079 paulo
792 2000 870 2054 ante
895 1985 1007 2054 dixisti
1030 2000 1065 2056 et
1088 1985 1160 2080 ipse
1187 1987 1265 2055 satis
1290 1986 1394 2055 mani-

253 2099 358 2169 festus
373 2114 423 2169 est
436 2100 507 2193 jam
521 2099 699 2180 dodamin
716 2101 925 2170 contrarium
937 2101 1069 2197 accingi
1086 2128 1150 2172 nec
1168 2129 1266 2198 respuo
1281 2102 1394 2172 animo
1441 2153 1448 2163 ·

252 2215 408 2310 perferre
419 2215 508 2284 hanc
519 2229 670 2285 nostram
686 2242 750 2311 pro
766 2216 987 2311 antiq-uorum
1002 2217 1102 2288 laude
1119 2219 1352 2288 concordiam.
1375 2248 1391 2285 ιι

217 2346 219 2351 ·
303 2361 319 2398 ιι
340 2333 420 2402 Νοιι
438 2332 541 2419 enim,
561 2332 672 2427 inquit
689 2336 793 2428 Aper,
816 2333 1007 2403 inauditum
1029 2348 1063 2404 et
1089 2333 1305 2406 indefensum
1330 2363 1394 2405 sae-

199 2449 366 2526 taculum
391 2464 546 2518 nostrum
571 2451 681 2544 patiar
705 2450 768 2519 ltac
795 2466 905 2520 vestra
928 2451 1181 2547 conspiratione
1205 2451 1359 2521 damnari
1383 2480 1389 2520 :

251 2565 310 2636 sed
328 2565 394 2634 hoc
412 2565 562 2661 primum
579 2566 812 2662 interrogabo,
834 2594 920 2663 quos
945 2569 1074 2640 vocetis
1091 2568 1261 2663 antiquos,
1291 2596 1393 2663 (pram

250 2696 426 2751 oratorum
444 2698 577 2754 aetatem
601 2683 849 2778 significatione
870 2684 931 2754 ista
947 2684 1193 2756 determinetis.
1212 2687 1286 2780 Ego
1302 2686 1392 2755 enim

251 2823 329 2866 cum
353 2798 455 2867 audio
472 2799 642 2894 antiquos
664 2801 830 2895 quosdam
853 2816 986 2871 veteres
1012 2817 1045 2870 et
1066 2800 1147 2870 olim
1174 2816 1270 2870 natos
1296 2801 1390 2871 intel·

249 2915 339 3010 lege,
359 2942 398 2984 ac
416 2915 499 2983 mihi
517 2930 697 2985 versantur
712 2930 789 2986 ante
811 2918 929 2985 oculos
951 2916 1069 2985 Ulixes
1084 2941 1122 2982 ac
1144 2917 1281 2999 Nestor,
1303 2940 1392 3007 quo-

196 3045 325 3099 torum
350 3045 428 3100 aetas
455 3030 547 3100 mille
572 3030 644 3101 fere
674 3046 709 3102 et
734 3033 896 3101 trecentis
918 3031 1015 3100 annis
1044 3031 1204 3099 sarculum
1236 3043 1391 3097 nostrum

279 3272 429 3317 thraxrns.
440 3295 471 3306 -
488 3273 551 3317 XVI.
572 3277 594 3316 2.
611 3269 704 3316 movisti
717 3271 868 3334 laste-Lipse
883 3291 891 3316 .·
911 3271 1016 3318 movistis
1033 3287 1087 3317 mss.
1102 3296 1133 3306 -
1146 3277 1167 3316 t.
1183 3270 1201 3316 si
1215 3271 1235 3316 L
1250 3289 1257 3315 :
1273 3269 1323 3316 rien
1335 3270 1392 3316 (lans

248 3343 387 3398 VvF‚·illud
401 3345 434 3388 vr
444 3362 452 3387 :
463 3343 526 3388 istud
540 3346 590 3391 VL.
604 3368 635 3378 ·-
648 3349 685 3388 to.
701 3359 726 3387 ac
741 3346 785 3390 Vt
802 3363 810 3388 :
828 3354 853 3388 et
870 3346 910 3390 vr.

277 3416 327 3461 ΝΟ.
341 3422 364 3460 2.
378 3417 475 3460 Movtsaet
487 3423 511 3460 et
524 3431 571 3460 non
582 3413 694 3475 movistis,
707 3431 778 3475 parce
789 3432 835 3476 que
848 3416 905 3462 e'est
918 3417 1028 3462 Messalla
1039 3418 1090 3462 seul
1102 3415 1143 3478 qui
1153 3415 1247 3462 soultve
1260 3432 1289 3460 en
1302 3433 1328 3461 ce
1340 3432 1390 3461 mo·

247 3497 313 3532 ment
325 3488 347 3532 ln
367 3487 484 3548 question.
498 3513 528 3522 -
546 3494 568 3533 t.
584 3486 654 3533 Illud
669 3497 705 3532 cst
719 3486 788 3548 exigi
800 3504 844 3547 par
860 3489 882 3534 lc
902 3488 953 3533 role
966 3489 1024 3549 qu'il
1040 3489 1096 3548 joue
1112 3490 1169 3533 dans
1187 3489 1209 3532 la
1225 3489 1311 3547 phrase
1325 3490 1355 3532 οὺ
1375 3487 1391 3531 il

247 3559 319 3604 sertia
335 3575 431 3605 amencr
442 3560 464 3604 la
483 3559 632 3620 proposition
651 3569 675 3603 ιιι
692 3575 730 3604 vos
750 3575 846 3623 quoquc,
863 3571 908 3606 ete.

278 3733 341 3778 XVI.
359 3737 383 3779 t.
406 3733 475 3789 Cura,
492 3732 643 3788 recherches3
661 3730 789 3784 meditatio,

247 3800 408 3862 preparation.
424 3804 469 3848 Ces
480 3812 541 3847 nrots
554 3802 687 3862 rappellent
700 3818 726 3848 cc
737 3803 790 3863 qu’a

247 3872 282 3918 dit
292 3873 412 3927 Messalla,
423 3873 460 3922 eh.
471 3887 514 3926 xv,
531 3880 559 3918 43
574 3890 579 3918 :
595 3895 605 3916 a
616 3877 679 3931 Quas
692 3871 790 3937 (causas)

248 3963 259 3984 a
276 3959 368 3988 mecum
380 3943 430 4004 ipse
442 3944 583 4005 plerumque
598 3945 700 4006 inquiro.
716 3965 728 3986 a

279 4018 328 4061 6-6.
346 4013 373 4059 Si
388 4013 452 4058 illud
461 4030 476 4058 a
488 4014 550 4058 votis
563 4025 619 4060 aute
633 4015 791 4077 impetravero,

246 4084 308 4127 Ροιιι·
327 4084 348 4128 la
368 4085 535 4138 construction,
555 4086 585 4134 cf.
605 4087 642 4131 alt.
661 4102 735 4144 xxm,
753 4094 788 4131 8:

247 4176 259 4197 a
274 4156 297 4201 Si
312 4156 370 4201 illud
386 4167 440 4201 ante
453 4157 592 4216 praedixero.
608 4177 618 4198 u

279 4232 358 4270 tt-ta.
377 4227 444 4270 Satis
458 4228 597 4288 aaronisestus
611 4239 675 4274 est...
688 4228 789 4289 accingi.

247 4297 440 4352 ct.ch.x,ao‚et
454 4299 592 4346 sarriet.
600 4303 628 4352 X,
639 4306 682 4345 75⁰
696 4318 700 4344 :
715 4301 790 4344 «Ma-

246 4389 257 4411 a
273 4368 370 4414 nilestus
382 4368 454 4417 nosci.
472 4387 483 4409 ιι

278 4445 316 4485 tt.
334 4440 470 4485 Inauditrmr
483 4450 506 4485 ct
517 4441 670 4502 indefensum.
680 4444 713 4487 Cc
726 4452 787 4495 sont,

247 4511 399 4570 senrbte-t-it,
429 4512 470 4557 des
491 4513 638 4571 expressions
657 4512 788 4572 juridiqnes

247 4583 393 4644 applieables
404 4599 448 4628 aux
457 4583 540 4644 procis
551 4584 591 4645 qui
601 4600 630 4629 ne
641 4593 692 4628 sont
703 4599 744 4644 pas
752 4585 789 4642 ju-

244 4654 286 4717 gis
302 4656 608 4702 contradictoir·eu1cnt.l·lu
620 4665 671 4701 tout
680 4672 718 4701 cas
731 4656 788 4700 elles

848 3729 936 3776 itaient
947 3730 1002 3775 d'un
1012 3746 1083 3792 usage
1094 3740 1192 3775 cournnt
1200 3730 1256 3774 dans
1266 3730 1287 3773 la
1297 3729 1390 3789 langue,

845 3817 937 3846 comme
950 3801 971 3846 lc
984 3810 1100 3861 prouvent
1117 3803 1151 3847 les
1165 3816 1275 3862 passages
1290 3801 1391 3846 suivants

845 3874 875 3919 de
888 3873 1078 3929 Tacitc,Ht'st.I,
1093 3881 1120 3928 ὓς
1136 3874 1221 3930 II,I0;
1235 3875 1295 3920 Arta.
1307 3873 1339 3928 II,
1350 3878 1388 3918 77.

878 3952 915 3992 IS.
934 3943 1020 4000 Audio,
1042 3945 1162 4004 j'entends
1189 3946 1269 4005 parler
1290 3946 1333 4000 dc;
1359 3943 1388 3990 cI.

845 4017 883 4065 ch,
896 4031 940 4073 mr,
959 4023 995 4064 to.
1010 4042 1041 4050 -
1055 4021 1152 4066 Veteres
1162 4027 1184 4061 et
1200 4016 1256 4061 olim
1270 4026 1344 4062 natos.
1358 4018 1389 4059 Le

845 4099 896 4134 mot
908 4098 995 4133 veteres
1013 4104 1042 4133 ne
1063 4104 1087 4133 sc
1109 4089 1253 4149 distinguant
1270 4103 1312 4146 pas
1327 4101 1390 4129 assez

845 4159 977 4221 rl'antiquos
989 4174 1049 4218 pour
1061 4161 1083 4204 lc
1094 4176 1155 4213 sens,
1168 4160 1250 4204 Tacite
1265 4167 1301 4200 est
1310 4155 1389 4214 obtigt·

846 4233 911 4276 dele
926 4230 1011 4275 delinir-
1024 4246 1068 4290 par
1081 4231 1137 4275 otim
1154 4240 1229 4285 notos,
1251 4226 1292 4271 nes
1309 4227 1325 4270 il
1344 4242 1358 4284 y
1376 4242 1388 4268 a

846 4303 876 4346 de
889 4303 939 4347 ecla
952 4303 1094 4361 longtemps.

876 4379 913 4418 to.
932 4371 1016 4418 &lites
1037 4387 1065 4415 ae
1083 4374 1173 4426 Nestor,
1190 4384 1260 4430 pareo
1285 4383 1339 4427 (μισ,
1361 4384 1387 4412 cc

843 4454 905 4497 sont,
919 4445 930 4486 ir
944 4452 1099 4502 proprement
1110 4443 1199 4501 parler,
1212 4441 1246 4484 les
1258 4439 1319 4482 deax
1332 4455 1387 4482 ora-

843 4524 907 4559 teurs
919 4516 949 4559 de
962 4512 1070 4572 l'ipopic
1085 4511 1232 4571 honrtrtque.

875 4592 913 4630 20.
931 4583 1002 4628 Mitte
1008 4584 1066 4643 sere
1074 4592 1098 4626 et
1114 4584 1221 4626 arcearis
1232 4579 1310 4626 aratris.
1328 4582 1385 4626 ll'a-

842 4655 897 4717 pria
909 4657 943 4700 los
957 4654 1042 4699 caleuls
1059 4654 1250 4709 d'Eratosthene,
1266 4653 1287 4696 la
1300 4669 1385 4714 guerre

1098 4900 1237 4944 Α
